@article{Kalashnikova2010,
    title = {{1 Introduction 2 Pressure Power Spectral Density ( PSD ) for Turbulent Boundary Layer}},
    year = {2010},
    author = {Kalashnikova, Irina and Layer, Turbulent Boundary},
    pages = {1--5}
}

@misc{R.D.Blevins1992,
    title = {{1-s2.0-S0022460X83712319-main.pdf}},
    year = {1992},
    author = {{R.D.Blevins} and {M.M.Bressler}}
}

@article{Ysi2003,
    title = {{3BZ {\$} 7 {\$} R 7BjZ {\$} Bt BP Y  < s eJZs {\$} Bt}},
    year = {2003},
    author = {Ysi, Y B and Bt, Bt and Iz, Btt and Ak, Btr and Ysr, A Z and Bp, Bb},
    number = {May}
}

@article{Spalt2012,
    title = {{A Background Noise Reduction Technique using Adaptive Noise Cancellation for Microphone Arrays}},
    year = {2012},
    author = {Spalt, Taylor and Fuller, Christopher and Brooks, Thomas and Humphreys, William},
    pages = {1--16},
    doi = {10.2514/6.2011-2715}
}

@article{Graham1997,
    title = {{A comparison of models for the wavenumber-frequency spectrum of turbulent boundary layer pressures}},
    year = {1997},
    journal = {Journal of Sound and Vibration},
    author = {Graham, W R},
    number = {4},
    pages = {541--565},
    volume = {206},
    doi = {10.1006/jsvi.1997.1114},
    issn = {0022460X}
}

@article{DeJong,
    title = {{A Comprehensive Model for the Turbulent Boundary Layer Pressure Spectrum}},
    author = {DeJong, Richard and Tubergen, Renard},
    publisher = {Institute of Noise Control Engineering}
}

@article{Takaishi2007,
    title = {{A computational method of evaluating noncompact sound based on vortex sound theory}},
    year = {2007},
    journal = {The Journal of the Acoustical Society of America},
    author = {Takaishi, T and Miyazawa, M and Kato, C},
    number = {3},
    pages = {1353--1361},
    volume = {121},
    doi = {10.1121/1.2431345},
    issn = {0001-4966}
}

@article{Isa2014,
    title = {{A hybrid-driven underwater glider model, hydrodynamics estimation, and an analysis of the motion control}},
    year = {2014},
    journal = {Ocean Engineering},
    author = {Isa, Khalid and Arshad, M. R. and Ishak, Syafizal},
    month = {5},
    pages = {111--129},
    volume = {81},
    publisher = {Elsevier BV},
    doi = {10.1016/j.oceaneng.2014.02.002},
    issn = {00298018},
    keywords = {Hybrid-driven underwater glider, Hydrodynamics, Modeling, Motion control}
}

@article{Ince2017,
    title = {{A mean stress correction model for tensile and compressive mean stress fatigue loadings}},
    year = {2017},
    journal = {Fatigue {\&} Fracture of Engineering Materials {\&} Structures},
    author = {Ince, A},
    number = {6},
    month = {6},
    pages = {939--948},
    volume = {40},
    publisher = {Blackwell Publishing Ltd},
    url = {http://doi.wiley.com/10.1111/ffe.12553},
    doi = {10.1111/ffe.12553},
    issn = {8756758X},
    keywords = {Morrow model, SWT model, fatigue life, mean stress, mean stress correction}
}

@article{Han2001,
    title = {{A model for the vibro-acoustic response of plates excited by complex flows}},
    year = {2001},
    journal = {Journal of Sound and Vibration},
    author = {Han, F and Mongeau, L G and Bernhard, R J},
    number = {5},
    pages = {901--926},
    volume = {246},
    doi = {10.1006/jsvi.2001.3699},
    issn = {0022460X}
}

@article{DiFrancescantonio1997,
    title = {{A new boundary integral formulation for the prediction of sound radiation}},
    year = {1997},
    journal = {Journal of Sound and Vibration},
    author = {Di Francescantonio, P},
    number = {4},
    pages = {491--509},
    volume = {202},
    doi = {10.1006/jsvi.1996.0843},
    issn = {0022460X}
}

@article{PEAKE2004,
    title = {{a Note on "Computational Aeroacoustics Examples Showing the Failure of the Acoustic Analogy Theory To Identify the Correct Noise Sources" By Ckw Tam}},
    year = {2004},
    journal = {Journal of Computational Acoustics},
    author = {PEAKE, N},
    number = {04},
    pages = {631--634},
    volume = {12},
    doi = {10.1142/s0218396x04002420},
    issn = {0218-396X},
    keywords = {2 has provided the, acoustic analogy 1, aeroacoustics, and ambiguities of this, compressible flow, cornerstone for huge, developments in aeroacoustics over, has presented a series, however, in a recent article, lighthill, noise source identification, of what he claims, s famous and seminal, shocks, tam 3, the last 50 years, to be serious weaknesses}
}

@article{Shariff2005,
    title = {{A numerical experiment to determine whether surface shear-stress fluctuations are a true sound source}},
    year = {2005},
    journal = {Physics of Fluids},
    author = {Shariff, Karim and Wang, Meng},
    number = {10},
    volume = {17},
    doi = {10.1063/1.2112747},
    issn = {10706631},
    keywords = {Acoustic generators, Aeroacoustics, Boundary layer turbulence, Flow simulation, Fluid oscillations, Navier-Stokes equations, Noise}
}

@article{Gaggero2019,
    title = {{A reduced order approach for optimal design of efficient marine propellers}},
    year = {2019},
    journal = {Ships and Offshore Structures},
    author = {Gaggero, Stefano and Vernengo, Giuliano and Villa, Diego and Bonfiglio, Luca},
    month = {4},
    pages = {1--15},
    url = {https://www.tandfonline.com/doi/full/10.1080/17445302.2019.1606877},
    doi = {10.1080/17445302.2019.1606877},
    issn = {1744-5302}
}

@article{Xiaojian2016,
    title = {{A scaling procedure for panel vibro-acoustic response induced by turbulent boundary layer}},
    year = {2016},
    journal = {Journal of Sound and Vibration},
    author = {Xiaojian, Zhao and Bangcheng, A I and Ziqiang, Liu and Dun, Li},
    pages = {165--179},
    volume = {380},
    publisher = {Elsevier},
    url = {http://dx.doi.org/10.1016/j.jsv.2016.05.040},
    doi = {10.1016/j.jsv.2016.05.040},
    issn = {10958568},
    keywords = {Plate, Scaling laws, Turbulent boundary layer, Vibro-acoustic, Wavenumber-Frequency Spectrum}
}

@article{Cotoni2008,
    title = {{A statistical energy analysis subsystem formulation using finite element and periodic structure theory}},
    year = {2008},
    journal = {Journal of Sound and Vibration},
    author = {Cotoni, V and Langley, R S and Shorter, P J},
    number = {4-5},
    pages = {1077--1108},
    volume = {318},
    doi = {10.1016/j.jsv.2008.04.058},
    issn = {10958568}
}

@article{Karlen2011,
    title = {{A study of the volume effect and scatter at the fatigue limit - Experiments and computations for a new specimen with separated notches}},
    year = {2011},
    journal = {International Journal of Fatigue},
    author = {Karl{\'{e}}n, Kristoffer and Olsson, Mrten},
    number = {3},
    volume = {33},
    doi = {10.1016/j.ijfatigue.2010.09.012},
    issn = {01421123}
}

@article{Widrow2008,
    title = {{Adaptive noise cancelling: Principles and applications}},
    year = {2008},
    journal = {Proceedings of the IEEE},
    author = {Widrow, B and Glover, J R and McCool, J M and Kaunitz, J and Williams, C S and Hearn, R H and Zeidler, J R and Eugene Dong, Jr. and Goodlin, R C},
    number = {12},
    pages = {1692--1716},
    volume = {63},
    doi = {10.1109/proc.1975.10036},
    issn = {0018-9219}
}

@article{Abshagen2009,
    title = {{Advances in Turbulence XII}},
    year = {2009},
    author = {Abshagen, J},
    pages = {859--862},
    volume = {132},
    url = {http://link.springer.com/10.1007/978-3-642-03085-7},
    isbn = {978-3-642-03084-0},
    doi = {10.1007/978-3-642-03085-7}
}

@article{Hardin2008,
    title = {{Aeroacoustic Computation of Cylinder Wake Flow.}},
    year = {2008},
    journal = {AIAA Journal},
    author = {Hardin, Jay C and Lamkin, Stanley L},
    number = {1},
    pages = {51--57},
    volume = {22},
    doi = {10.2514/3.48418},
    issn = {0001-1452}
}

@article{Li2016,
    title = {{Aeroacoustic simulations using compressible lattice Boltzmann method}},
    year = {2016},
    journal = {Advances in Applied Mathematics and Mechanics},
    author = {Li, Kai and Zhong, Chengwen},
    number = {5},
    pages = {795--809},
    volume = {8},
    doi = {10.4208/aamm.2015.m1083},
    issn = {20751354},
    keywords = {Aeroacoustics, Compressible flow, Direct numerical simulation, Double-distribution-function, Lattice Boltzmann method}
}

@article{Najafi-Yazdi2011,
    title = {{An acoustic analogy formulation for moving sources in uniformly moving media}},
    year = {2011},
    journal = {Proceedings of the Royal Society A: Mathematical, Physical and Engineering Sciences},
    author = {Najafi-Yazdi, Alireza and Br{\'{e}}s, Guillaume A and Mongeau, Luc},
    number = {2125},
    pages = {144--165},
    volume = {467},
    doi = {10.1098/rspa.2010.0172},
    issn = {14712946},
    keywords = {Acoustic analogy, Aeroacoustics, Ffowcs Williams-Hawkings equation}
}

@article{Brentner,
    title = {{AN ANALYTICAL COMPARISON OF THE ACOUSTIC ANALOGY AND KIRCHHOFF FORMULATION FOR MOVING SURFACES Advantages and Disadvantages FW {\{} H Description Analytical Comparison Governing Equations Kirchho Description{\}}}},
    journal = {Society},
    author = {Brentner, Kenneth S}
}

@article{Mazzoni2003,
    title = {{An efficient approximation for the vibro-acoustic response of a turbulent boundary layer excited panel}},
    year = {2003},
    journal = {Journal of Sound and Vibration},
    author = {Mazzoni, D},
    number = {4},
    pages = {951--971},
    volume = {264},
    doi = {10.1016/S0022-460X(02)01191-4},
    issn = {0022460X}
}

@article{Gerrard1961,
    title = {{An experimental investigation of the oscillating lift and drag of a circular cylinder shedding turbulent vortices}},
    year = {1961},
    journal = {Journal of Fluid Mechanics},
    author = {Gerrard, J H},
    number = {2},
    pages = {244--256},
    volume = {11},
    doi = {10.1017/S0022112061000494},
    issn = {14697645}
}

@article{BSA2015,
    title = {{An experimental investigation of vortex-induced vibration of a rotating circular cylinder in the crossflow direction}},
    year = {2015},
    journal = {Physics of Fluids},
    author = {Seyed-Aghazadeh, Banafsheh and Modarres-Sadeghi, Yahya},
    number = {6},
    volume = {27},
    doi = {10.1063/1.4921683},
    issn = {10897666}
}

@article{Cantwell1983,
    title = {{An experimental study of entrainment and transport in the turbulent near wake of a circular cylinder}},
    year = {1983},
    journal = {Journal of Fluid Mechanics},
    author = {Cantwell, Brian and Coles, Donald},
    pages = {321--374},
    volume = {136},
    doi = {10.1017/S0022112083002189},
    issn = {14697645}
}

@article{Rienstra2012,
    title = {{An Introduction to Acoustics - 2012}},
    year = {2012},
    author = {Rienstra, S W and Hirschberg, A},
    number = {December}
}

@article{Zhou2014,
    title = {{An investigation of the lattice Boltzmann equation-based hybrid approach for simulation of sound generated by isotropic turbulence}},
    year = {2014},
    journal = {Computers and Fluids},
    author = {Zhou, Yihang and Dong, Yu Hong},
    pages = {267--277},
    volume = {100},
    publisher = {Elsevier Ltd},
    url = {http://dx.doi.org/10.1016/j.compfluid.2014.05.015},
    doi = {10.1016/j.compfluid.2014.05.015},
    issn = {00457930},
    keywords = {Acoustic analogy, Computational aeroacoustics, Forced isotropic turbulence, Lattice Boltzmann method}
}

@article{Ambrosio2014a,
    title = {{An optimal vibration control logic for minimising fatigue damage in flexible structures}},
    year = {2014},
    journal = {Journal of Sound and Vibration},
    author = {Ambrosio, P. and Cazzulani, G. and Resta, F. and Ripamonti, F.},
    number = {5},
    volume = {333},
    doi = {10.1016/j.jsv.2013.11.010},
    issn = {0022460X}
}

@article{Ciappi2012,
    title = {{Analysis of the scaling laws for the turbulence driven panel responses}},
    year = {2012},
    journal = {Journal of Fluids and Structures},
    author = {Ciappi, E and Magionesi, F and De Rosa, S and Franco, F},
    pages = {90--103},
    volume = {32},
    publisher = {Elsevier},
    url = {http://dx.doi.org/10.1016/j.jfluidstructs.2011.11.003},
    doi = {10.1016/j.jfluidstructs.2011.11.003},
    issn = {08899746},
    keywords = {Dimensional analysis, Plate response, Scaling laws, Wall pressure fluctuations}
}

@article{Nishikawa2013,
    title = {{Application of Fully-resolved Large Eddy Simulation to KVLCC2}},
    year = {2013},
    journal = {Journal of the Japan Society of Naval Architects and Ocean Engineers},
    author = {Nishikawa, Tatsuo and Yamade, Yoshinobu and Sakuma, Masaru and Kato, Chisachi},
    number = {0},
    pages = {1--9},
    volume = {16},
    doi = {10.2534/jjasnaoe.16.1},
    issn = {1880-3717}
}

@article{Jasak2000,
    title = {{Application of the finite volume method and unstructured meshes to linear elasticity}},
    year = {2000},
    journal = {International Journal for Numerical Methods in Engineering},
    author = {Jasak, H and Weller, H G},
    number = {2},
    month = {5},
    pages = {267--287},
    volume = {48},
    publisher = {John Wiley {\&} Sons, Ltd},
    doi = {10.1002/(SICI)1097-0207(20000520)48:2<267::AID-NME884>3.0.CO;2-Q},
    issn = {1097-0207},
    keywords = {finite volume, linear elasticity, parallelism, steady state, transient, unstructured meshes}
}

@misc{OpenFOAMWiki,
    title = {{Blasius Flat-Plate Flow Benchmark}},
    author = {{OpenFOAMWiki}},
    url = {https://openfoamwiki.net/index.php/Blasius_Flat-Plate_Flow_Benchmark}
}

@article{Graham1996,
    title = {{Boundary Layer Induced Noise in Aircraft, Part I: the Flat Plate Model}},
    year = {1996},
    journal = {Journal of Sound and Vibration},
    author = {Graham, W R},
    number = {1},
    pages = {101--120},
    volume = {192},
    doi = {10.1006/jsvi.1996.0178},
    issn = {0022460X}
}

@article{Posson2011,
    title = {{Broadband noise prediction of fan outlet guide vane using a cascade response function}},
    year = {2011},
    journal = {Journal of Sound and Vibration},
    author = {Posson, H and Moreau, S and Roger, M},
    number = {25},
    month = {12},
    pages = {6153--6183},
    volume = {330},
    doi = {10.1016/j.jsv.2011.07.040},
    issn = {0022460X}
}

@article{Glegg1998,
    title = {{Broadband Self-Noise from a Ducted Fan}},
    year = {1998},
    journal = {AIAA Journal},
    author = {Glegg, Stewart A L and Jochault, Cyrille},
    number = {8},
    month = {8},
    pages = {1387--1395},
    volume = {36},
    url = {https://arc.aiaa.org/doi/10.2514/2.559},
    doi = {10.2514/2.559},
    issn = {0001-1452}
}

@article{Casper2004,
    title = {{Broadband trailing edge noise predictions in the time domain}},
    year = {2004},
    journal = {Journal of Sound and Vibration},
    author = {Casper, J and Farassat, F},
    number = {1-2},
    pages = {159--176},
    volume = {271},
    doi = {10.1016/S0022-460X(03)00367-5},
    issn = {0022460X}
}

@article{Roger2016,
    title = {{Cascade trailing-edge noise modeling using a mode-matching technique and the edge-dipole theory}},
    year = {2016},
    journal = {Journal of Sound and Vibration},
    author = {Roger, Michel and Fran{\c{c}}ois, Benjamin and Moreau, Stéphane},
    month = {11},
    pages = {310--327},
    volume = {382},
    publisher = {Academic Press},
    doi = {10.1016/j.jsv.2016.06.035},
    issn = {10958568},
    keywords = {Aeroacoustics, Fan trailing-edge noise}
}

@article{Ausoni2007,
    title = {{Cavitation influence on von K{\'{a}}rm{\'{a}}n vortex shedding and induced hydrofoil vibrations}},
    year = {2007},
    journal = {Journal of Fluids Engineering, Transactions of the ASME},
    author = {Ausoni, Philippe and Farhat, Mohamed and Escaler, Xavier and Egusquiza, Eduard and Avellan, François},
    number = {8},
    month = {8},
    pages = {966--973},
    volume = {129},
    doi = {10.1115/1.2746907},
    issn = {00982202}
}

@article{kinns2015challenges,
    title = {{Challenges in the prediction of underwater noise due to propellers}},
    year = {2015},
    journal = {Acoustics 2015 Hunter Valley},
    author = {Kinns, Roger and Peake, Nigel and Kessissoglou, Nicole}
}

@article{Ciappi2005,
    title = {{Characteristics of the turbulent boundary layer pressure spectra for high-speed vessels}},
    year = {2005},
    journal = {Journal of Fluids and Structures},
    author = {Ciappi, E and Magionesi, F},
    number = {3 SPEC. ISS.},
    pages = {321--333},
    volume = {21},
    doi = {10.1016/j.jfluidstructs.2005.07.006},
    issn = {10958622},
    keywords = {High speed vehicles, Scaling laws, Wall pressure fluctuations}
}

@article{Marie2009,
    title = {{Comparison between lattice Boltzmann method and Navier-Stokes high order schemes for computational aeroacoustics}},
    year = {2009},
    journal = {Journal of Computational Physics},
    author = {Mari{\'{e}}, Simon and Ricot, Denis and Sagaut, Pierre},
    number = {4},
    pages = {1056--1070},
    volume = {228},
    publisher = {Elsevier Inc.},
    url = {http://dx.doi.org/10.1016/j.jcp.2008.10.021},
    doi = {10.1016/j.jcp.2008.10.021},
    issn = {00219991},
    keywords = {Computational aeroacoustics, Dispersion, Dissipation, Finite-differences, Lattice Boltzmann, Runge-Kutta, Von Neumann analysis}
}

@article{Hwang2009,
    title = {{Comparison of semi-empirical models for turbulent boundary layer wall pressure spectra}},
    year = {2009},
    journal = {Journal of Sound and Vibration},
    author = {Hwang, Y F and Bonness, William K and Hambric, Stephen A},
    number = {1-2},
    pages = {199--217},
    volume = {319},
    doi = {10.1016/j.jsv.2008.06.002},
    issn = {10958568}
}

@article{Cheong2008,
    title = {{Computation of aeolian tone from a circular cylinder using source models}},
    year = {2008},
    journal = {Applied Acoustics},
    author = {Cheong, Cheolung and Joseph, Phillip and Park, Yonghwan and Lee, Soogab},
    number = {2},
    pages = {110--126},
    volume = {69},
    doi = {10.1016/j.apacoust.2006.10.004},
    issn = {0003682X},
    keywords = {Aeolian tone, Computational aeroacoustics, Lighthill's stress tensor, Self-noise source, Shear-noise source}
}

@article{Wang2008,
    title = {{Computation of quadrupole noise using acoustic analogy}},
    year = {2008},
    journal = {AIAA Journal},
    author = {Wang, Meng and Lele, Sanjiva K and Moin, Parviz},
    number = {11},
    pages = {2247--2254},
    volume = {34},
    doi = {10.2514/3.13387},
    issn = {0001-1452}
}

@article{Remmler2010,
    title = {{Computation of Wall Pressure Spectra from Steady Flow Data for Noise Prediction}},
    year = {2010},
    journal = {AIAA Journal},
    author = {Remmler, S and Christophe, J and Anthoine, J and Moreau, S},
    number = {9},
    pages = {1997--2007},
    volume = {48},
    doi = {10.2514/1.j050206},
    issn = {0001-1452}
}

@article{Lele2013,
    title = {{Computational aeroacoustics - A review}},
    year = {2013},
    author = {Lele, Sanjiva and Lele, Sanjiva},
    number = {January},
    doi = {10.2514/6.1997-18}
}

@article{TAM2002,
    title = {{Computational Aeroacoustics Examples Showing the Failure of the Acoustic Analogy Theory To Identify the Correct Noise Sources}},
    year = {2002},
    journal = {Journal of Computational Acoustics},
    author = {TAM, CHRISTOPHER K W},
    number = {04},
    pages = {387--405},
    volume = {10},
    doi = {10.1142/s0218396x02001607},
    issn = {0218-396X},
    keywords = {acoustic analogy, computational aeroacoustics, noise source identififcation}
}

@article{Wang2005,
    title = {{Computational Prediction of Flow-Generated Sound}},
    year = {2005},
    journal = {Annual Review of Fluid Mechanics},
    author = {Wang, Meng and Freund, Jonathan B and Lele, Sanjiva K},
    number = {1},
    pages = {483--512},
    volume = {38},
    doi = {10.1146/annurev.fluid.38.050304.092036},
    issn = {0066-4189},
    keywords = {acoustic, aeroacoustics, analogy, computational methods, flow noise, noise control, turbulence simulation}
}

@book{Kaliszky-Budapest1997,
    title = {{Continuum Micromechanics}},
    year = {1997},
    author = {Kaliszky-Budapest, Sandor and Sayir-Zurich, Mahir and Schneider-Wien, Wilhelm and Bianchi-Milan, Giovanni},
    url = {http://link.springer.com/10.1007/978-3-7091-2662-2},
    isbn = {978-3-211-82902-8},
    doi = {10.1007/978-3-7091-2662-2}
}

@article{Farassat2007,
    title = {{Derivation of Formulations 1 and 1A of Farassat}},
    year = {2007},
    journal = {Nasa},
    author = {Farassat, F},
    number = {March},
    pages = {1--25},
    volume = {NASA/TM-20}
}

@article{Gaggero2017,
    title = {{Design of ducted propeller nozzles through a RANSE-based optimization approach}},
    year = {2017},
    journal = {Ocean Engineering},
    author = {Gaggero, Stefano and Villa, Diego and Tani, Giorgio and Viviani, Michele and Bertetta, Daniele},
    month = {11},
    pages = {444--463},
    volume = {145},
    publisher = {Elsevier Ltd},
    doi = {10.1016/j.oceaneng.2017.09.037},
    issn = {00298018},
    keywords = {Accelerating nozzles, Decelerating nozzles, Ducted propellers, OpenFOAM, Optimization, RANSE}
}

@article{Vesting2016,
    title = {{Development and application of optimisation algorithms for propeller design}},
    year = {2016},
    journal = {Ship Technology Research},
    author = {Vesting, Florian and Gustafsson, Rickard and Bensow, Rickard E},
    number = {1},
    pages = {50--69},
    volume = {63},
    publisher = {Taylor and Francis Ltd.},
    doi = {10.1080/09377255.2016.1145916},
    issn = {20567111},
    keywords = {Cavitation constraints, Marine propeller design, NSGA-II, PSO, Population based optimisation algorithm, Potential flow simulation}
}

@article{Choi2017,
    title = {{Development of formulation Q1As method for quadrupole noise prediction around a submerged cylinder}},
    year = {2017},
    journal = {International Journal of Naval Architecture and Ocean Engineering},
    author = {Choi, Y.-S. and Choi, W.-S. and Hong, S.-Y. and Song, J.-H. and Kwon, H.-W. and Seol, H.-S. and Jung, C.-M.},
    number = {5},
    volume = {9},
    doi = {10.1016/j.ijnaoe.2017.02.002},
    issn = {20926790},
    keywords = {Acoustic analogy, Circular cylinder, Formulation Q1As method, OpenFOAM, Quadrupole noise}
}

@article{Sandberg2008,
    title = {{Direct numerical simulation of turbulent flow past a trailing edge and the associated noise generation}},
    year = {2008},
    journal = {Journal of Fluid Mechanics},
    author = {Sandberg, Richard D and Sandham, Neil D},
    pages = {353--385},
    volume = {596},
    doi = {10.1017/S0022112007009561},
    issn = {00221120}
}

@incollection{Maxit2015,
    title = {{Discussion About Different Methods for Introducing the Turbulent Boundary Layer Excitation in Vibroacoustic Models}},
    year = {2015},
    booktitle = {Flinovia - Flow Induced Noise and Vibration Issues and Aspects},
    author = {Maxit, Laurent and Berton, Marion and Audoly, Christian and Juv{\'{e}}, Daniel},
    doi = {10.1007/978-3-319-09713-8{\_}12}
}

@article{Bessa2013,
    title = {{Dynamic Positioning of Underwater Robotic Vehicles with Thruster Dynamics Compensation}},
    year = {2013},
    journal = {International Journal of Advanced Robotic Systems},
    author = {Bessa, Wallace M. and Dutra, Max S. and Kreuzer, Edwin},
    number = {9},
    month = {9},
    pages = {325},
    volume = {10},
    publisher = {SAGE PublicationsSage UK: London, England},
    url = {http://journals.sagepub.com/doi/10.5772/56601},
    doi = {10.5772/56601},
    issn = {1729-8814},
    keywords = {Fuzzy logic, Sliding-modes, Thruster dynamics, Underwater robotic vehicles}
}

@article{Chae2013,
    title = {{Dynamic response and stability of a flapping foil in a dense and viscous fluid}},
    year = {2013},
    journal = {Physics of Fluids},
    author = {Chae, Eun Jung and Akcabay, Deniz Tolga and Young, Yin Lu},
    doi = {10.1063/1.4825136},
    issn = {10706631}
}

@techreport{Chae,
    title = {{Dynamic response and stability of flexible hydrofoils in incompressible and viscous flow}},
    author = {Chae, Eun Jung}
}

@incollection{Bachmayer2006,
    title = {{Dynamics, control and coordination of underwater gliders}},
    year = {2006},
    booktitle = {Advances in Unmanned Marine Vehicles},
    author = {Bachmayer, R. and Leonard, N. E. and Bhatta, P. and Fiorelli, E. and Graver, J. G.},
    month = {1},
    pages = {407--432},
    publisher = {Institution of Engineering and Technology},
    isbn = {9781849190534},
    doi = {10.1049/PBCE069E{\_}ch19},
    keywords = {Acoustic sensors, Bathy photometers, Buoyancy driven AUV, Endurance vehicle, Fluorometers, Oceanographic data collection, Oceanographic measurements, Oceanography, Optical backscatter sensors, Photosynthetically active radiation sensors, Remotely operated vehicles, Underwater glider control, Underwater glider coordination, Underwater glider dynamics, Underwater vehicles}
}

@phdthesis{Zobeiri2012,
    title = {{Effect of Hydrofoil Trailing Edge Geometry on the Wake Dynamics}},
    year = {2012},
    author = {Zobeiri, Amirreza},
    pages = {132},
    volume = {5218},
    url = {http://library.epfl.ch/theses/?nr=5218},
    doi = {10.5075/epfl-thesis-5218},
    keywords = {Vortex-induced vibration, b, boundary, boundary layer, layer tripping, lock-in, lock-off, trailing edge geometry, vortex shedding, vortex-induced vibration, wake}
}

@article{Posson2013a,
    title = {{Effect of rotor shielding on fan-outlet guide vanes broadband noise prediction}},
    year = {2013},
    journal = {AIAA Journal},
    author = {Posson, Hélène and Moreau, Stéphane},
    number = {7},
    month = {7},
    pages = {1576--1592},
    volume = {51},
    doi = {10.2514/1.J051784},
    issn = {00011452}
}

@article{Ambrosio2014,
    title = {{Effect of three-dimensionality on the lift and drag of nominally two-dimensional cylinders}},
    year = {1995},
    journal = {Physics of Fluids},
    author = {Mittal, R. and Balachandar, S.},
    number = {8},
    volume = {7},
    doi = {10.1063/1.868500},
    issn = {10706631}
}

@article{Yao2014,
    title = {{Effect of trailing edge shape on hydrodynamic damping for a hydrofoil}},
    year = {2014},
    journal = {Journal of Fluids and Structures},
    author = {Yao, Zhifeng and Wang, Fujun and Dreyer, Matthieu and Farhat, Mohamed},
    month = {11},
    pages = {189--198},
    volume = {51},
    publisher = {Academic Press},
    doi = {10.1016/j.jfluidstructs.2014.09.003},
    issn = {10958622},
    keywords = {Donaldson, Hydrodynamic damping, Hydrofoil, Trailing edge shape}
}

@article{Yao2014a,
    title = {{Effect of trailing edge shape on hydrodynamic damping for a hydrofoil}},
    year = {2014},
    journal = {Journal of Fluids and Structures},
    author = {Yao, Zhifeng and Wang, Fujun and Dreyer, Matthieu and Farhat, Mohamed},
    month = {11},
    pages = {189--198},
    volume = {51},
    publisher = {Academic Press},
    doi = {10.1016/j.jfluidstructs.2014.09.003},
    issn = {10958622},
    keywords = {Donaldson, Hydrodynamic damping, Hydrofoil, Trailing edge shape}
}

@article{Yao2014b,
    title = {{Effect of trailing edge shape on hydrodynamic damping for a hydrofoil}},
    year = {2014},
    journal = {Journal of Fluids and Structures},
    author = {Yao, Zhifeng and Wang, Fujun and Dreyer, Matthieu and Farhat, Mohamed},
    doi = {10.1016/j.jfluidstructs.2014.09.003},
    issn = {10958622},
    keywords = {Donaldson, Hydrodynamic damping, Hydrofoil, Trailing edge shape, 명음진동, 실험}
}

@article{Zheng2004,
    title = {{Effects of compliant coatings on radiated sound from a rigid-wall turbulent boundary layer}},
    year = {2004},
    journal = {Journal of Fluids and Structures},
    author = {Zheng, Z C},
    number = {7},
    pages = {933--941},
    volume = {19},
    doi = {10.1016/j.jfluidstructs.2004.06.004},
    issn = {08899746}
}

@article{Zheng2003,
    title = {{Effects of flexible walls on radiated sound from a turbulent boundary layer}},
    year = {2003},
    journal = {Journal of Fluids and Structures},
    author = {Zheng, Z C},
    number = {1},
    pages = {93--101},
    volume = {18},
    doi = {10.1016/S0889-9746(03)00081-1},
    issn = {08899746}
}

@article{Catlett2014,
    title = {{Empirical Spectral Model of Surface Pressure Fluctuations beneath Adverse Pressure Gradients}},
    year = {2014},
    author = {Catlett, Matthew R and Forest, Jonathan and Anderson, Jason M and Stewart, Devin},
    number = {9},
    volume = {42},
    doi = {10.2514/6.2014-2910}
}

@article{Peltier2007,
    title = {{Estimating turbulent-boundary-layer wall-pressure spectra from CFD RANS solutions}},
    year = {2007},
    journal = {Journal of Fluids and Structures},
    author = {Peltier, L J and Hambric, S A},
    number = {6},
    pages = {920--937},
    volume = {23},
    doi = {10.1016/j.jfluidstructs.2007.01.003},
    issn = {08899746}
}

@article{Choi2020,
    title = {{Estimation of turbulent boundary layer induced noise using energy flow analysis for ship hull designs}},
    year = {2020},
    journal = {Proceedings of the Institution of Mechanical Engineers Part M: Journal of Engineering for the Maritime Environment},
    author = {Choi, W.-S. and Hong, S.-Y. and Kwon, H.-W. and Seo, J.-H. and Rhee, S.-H. and Song, J.-H.},
    number = {1},
    volume = {234},
    doi = {10.1177/1475090219852195},
    issn = {20413084},
    keywords = {Naval architecture, energy flow analysis, flow noise, fluid-structure interaction, hydrodynamic noise, turbulent boundary layer, wall pressure fluctuation}
}

@article{Choi2019,
    title = {{Estimation of turbulent boundary layer induced noise using energy flow analysis for ship hull designs}},
    year = {2019},
    journal = {Proceedings of the Institution of Mechanical Engineers Part M: Journal of Engineering for the Maritime Environment},
    author = {Choi, W.-S. and Hong, S.-Y. and Kwon, H.-W. and Seo, J.-H. and Rhee, S.-H. and Song, J.-H.},
    number = {5},
    pages = {288--294},
    volume = {65},
    doi = {10.1177/1475090219852195},
    issn = {20413084},
    keywords = {Naval architecture, energy flow analysis, flow noise, fluid-structure interaction, hydrodynamic noise, turbulent boundary layer, wall pressure fluctuation}
}

@article{Fares2015,
    title = {{Evaluation of Airframe Noise Reduction Concepts via Simulations Using a Lattice Boltzmann Approach}},
    year = {2015},
    author = {Fares, Ehab and Casalino, Damiano and Khorrami, Mehdi R},
    number = {June},
    pages = {1--19},
    doi = {10.2514/6.2015-2988}
}

@article{Blake1984,
    title = {{Excitation of plates and hydrofoils by trailing edge flows}},
    year = {1984},
    journal = {Journal of Vibration and Acoustics, Transactions of the ASME},
    author = {Blake, W. K.},
    number = {3},
    volume = {106},
    doi = {10.1115/1.3269201},
    issn = {15288927}
}

@article{Moreau2012,
    title = {{Experimental investigation of broadband trailing edge noise from sharp-edged struts}},
    year = {2012},
    author = {Moreau, Danielle and Brooks, Laura and J. Doolan, Con},
    number = {June},
    pages = {5--8},
    doi = {10.2514/6.2011-2732}
}

@article{Choi2017a,
    title = {{Experimental investigation of noise generated by submerged circular cylinder}},
    year = {2017},
    journal = {Noise Control Engineering Journal},
    author = {Choi, W.-S. and Choi, Y. and Hong, S.-Y. and Song, J.-H. and Kwon, H.-W. and Seol, H.},
    number = {4},
    volume = {65},
    doi = {10.3397/1/376545},
    issn = {21688710}
}

@article{Kromer2019,
    title = {{Experimental Investigation of the Sound Emission of Skewed Axial Fans with Leading-Edge Serrations}},
    year = {2019},
    journal = {AIAA Journal},
    author = {Kr{\"{o}}mer, Florian and Czwielong, Felix and Becker, Stefan},
    month = {10},
    pages = {1--15},
    url = {https://arc.aiaa.org/doi/10.2514/1.J058134},
    doi = {10.2514/1.J058134},
    issn = {0001-1452}
}

@inproceedings{Zobeiri2010,
    title = {{Experimental Investigation of the Vortex Shedding in the Wake of Oblique and Blunt Trailing Edge Hydrofoils Using PIV-POD Method}},
    year = {2010},
    booktitle = {ASME 2010 7th International Symposium on Fluid-Structure Interactions, Flow-Sound Interactions, and Flow-Induced Vibration and Noise: Volume 3, Parts A and B},
    author = {Zobeiri, Amirreza and Ausoni, Philippe and Avellan, François and Farhat, Mohamed},
    pages = {149--154},
    publisher = {ASME},
    url = {http://proceedings.asmedigitalcollection.asme.org/proceeding.aspx?articleid=1621659},
    isbn = {978-0-7918-5451-8},
    doi = {10.1115/FEDSM-ICNMM2010-30758}
}

@article{Via,
    title = {{Experimental Investigation of Turbulent Boundary Layer Excitation Acting on the}},
    author = {Via, Insean},
    pages = {1--10},
    isbn = {9781617823961},
    keywords = {high reynolds number flow, scaling laws, wall pressure fluctuations}
}

@article{Choi2002,
    title = {{Experimental study on the vortex‐shedding sound from a yawed circular cylinder}},
    year = {2002},
    journal = {The Journal of the Acoustical Society of America},
    author = {Choi, Jong‐Soo and Hong, Hoon‐Bin},
    number = {5},
    pages = {2972},
    volume = {103},
    doi = {10.1121/1.422398},
    issn = {0001-4966}
}

@article{Merz2007,
    title = {{Extraction of a Submarine Hull by Propeller forces}},
    year = {2007},
    journal = {14th International Congress on Sound {\&} Vibration},
    author = {Merz, Sascha and Kessissoglou, Nicole and Kinns, Roger},
    pages = {1--8},
    isbn = {9781627480000}
}

@article{Audoly2014,
    title = {{Flinovia - Flow Induced Noise and Vibration Issues and Aspects}},
    year = {2014},
    journal = {Flinovia - Flow Induced Noise and Vibration Issues and Aspects},
    author = {Audoly, Christian},
    pages = {211--225},
    isbn = {9783319097138},
    doi = {10.1007/978-3-319-09713-8}
}

@article{Hanson2009,
    title = {{Flow-excited acoustic resonance of two side-by-side cylinders in cross-flow}},
    year = {2009},
    journal = {Journal of Fluids and Structures},
    author = {Hanson, R and Mohany, A and Ziada, S},
    number = {1},
    pages = {80--94},
    volume = {25},
    doi = {10.1016/j.jfluidstructs.2008.03.008},
    issn = {08899746},
    keywords = {Acoustic resonance, Flow-acoustic interaction, Side-by-side cylinders, Vortex shedding}
}

@article{Air2015,
    title = {{Flow-induced}},
    year = {2015},
    author = {Air, Naval and Development, Acoustic and Pennsylvania, The},
    number = {February 1995},
    pages = {947--953},
    volume = {97}
}

@article{Blevins1990,
    title = {{Flow-Induced Vibration}},
    year = {1990},
    journal = {Van Nostrand Reinhold},
    author = {Blevins, Robert D.}
}

@misc{Ziada2018,
    title = {{Flow-Induced Vibration}},
    year = {2018},
    booktitle = {Flow-Induced Vibration},
    author = {Ziada, S},
    doi = {10.1201/9781482283747}
}

@article{Norberg2003,
    title = {{Fluctuating lift on a circular cylinder: Review and new measurements}},
    year = {2003},
    journal = {Journal of Fluids and Structures},
    author = {Norberg, C},
    number = {1},
    pages = {57--96},
    volume = {17},
    doi = {10.1016/S0889-9746(02)00099-3},
    issn = {08899746}
}

@article{If2015,
    title = {{Fluid flow at your fingertips}},
    year = {2015},
    author = {If, I and More, Read},
    number = {3},
    pages = {2015},
    volume = {106}
}

@inproceedings{Domenico2018,
    title = {{Fluid structure interaction analysis: Vortex shedding induced vibrations}},
    year = {2018},
    booktitle = {Procedia Structural Integrity},
    author = {Di Domenico, N. and Groth, C. and Wade, A. and Berg, T. and Biancolini, M. E.},
    volume = {8},
    doi = {10.1016/j.prostr.2017.12.042},
    issn = {24523216}
}

@book{Hoerner1965,
    title = {{Fluid-Dynamic Drag}},
    year = {1965},
    author = {Hoerner, Sighard F.}
}

@book{Hoerner1965b,
    title = {{Fluid-Dynamic Drag}},
    year = {1965},
    author = {Hoerner, Sighard F}
}

@article{Munch2010,
    title = {{Fluid-structure coupling for an oscillating hydrofoil}},
    year = {2010},
    journal = {Journal of Fluids and Structures},
    author = {M{\"{u}}nch, C and Ausoni, P and Braun, O and Farhat, M and Avellan, F},
    number = {6},
    month = {8},
    pages = {1018--1033},
    volume = {26},
    doi = {10.1016/j.jfluidstructs.2010.07.002},
    issn = {08899746},
    keywords = {Added mass, Fluid damping, Fluid stiffness, Fluid-structure interactions, Hydraulic machines and system, Oscillating hydrofoil}
}

@phdthesis{Lee2014a,
    title = {{Fluid-Structure Interaction of Large Amplitude Structure Vibrations and Moderately High Reynolds Number Turbulent Flows}},
    year = {2014},
    author = {Lee, Abe Hyunchoong},
    school = {The Pennsylvania State University}
}

@book{Paidoussis2010,
    title = {{Fluid-structure interactions: Cross-flow-induced instabilities}},
    year = {2010},
    booktitle = {Fluid-Structure Interactions: Cross-Flow-Induced Instabilities},
    author = {Pa{\"{i}}doussis, Michael P. and Price, Stuart J. and De Langre, Emmanuel},
    volume = {9780521119429},
    doi = {10.1017/CBO9780511760792},
    issn = {0167-6105}
}

@article{An1975,
    title = {{For an avoiding target*}},
    year = {1975},
    author = {An, F O R and Target, Avoiding},
    number = {1},
    pages = {72--86},
    volume = {28}
}

@article{Chertock,
    title = {{Forces on a Submarine Hull Induced by the Propeller}},
    author = {Chertock, By George},
    number = {1}
}

@article{Hoskoti2020,
    title = {{Frequency lock-in during nonlinear vibration of an airfoil coupled with van der Pol Oscillator}},
    year = {2020},
    journal = {Journal of Fluids and Structures},
    author = {Hoskoti, Lokanna and Dinesh Aravinth, D. A. and Misra, Ajay and Sucheendran, Mahesh M.},
    month = {1},
    pages = {102776},
    volume = {92},
    publisher = {Academic Press},
    doi = {10.1016/j.jfluidstructs.2019.102776},
    issn = {10958622}
}

@article{Ciappi2009a,
    title = {{Full scale analysis of the response of an elastic ship panel excited by turbulent boundary layers}},
    year = {2009},
    journal = {Noise Control Engineering Journal},
    author = {Ciappi, Elena and Magionesi, Francesca},
    number = {3},
    pages = {179},
    volume = {57},
    doi = {10.3397/1.3140397},
    issn = {07362501}
}

@misc{Theodorsen1935,
    title = {{General Theory of Aerodynamic Instability and the Mechanism of Flutter, NACA Report 496, 1935}},
    year = {1935},
    booktitle = {NASA Reference Publication},
    author = {Theodorsen, Theodore}
}

@book{Fossen1994,
    title = {{Guidance and Control of Ocean Vehicles}},
    year = {1994},
    author = {Fossen, Thor I.},
    publisher = {John Wiley {\&} Sons}
}

@book{Fossen2011,
    title = {{Handbook of Marine Craft Hydrodynamics and Motion Control}},
    year = {2011},
    booktitle = {Handbook of Marine Craft Hydrodynamics and Motion Control},
    author = {Fossen, Thor I.},
    month = {4},
    publisher = {John Wiley {\&} Sons, Ltd},
    url = {http://doi.wiley.com/10.1002/9781119994138},
    address = {Chichester, UK},
    isbn = {9781119994138},
    doi = {10.1002/9781119994138}
}

@article{Zobeiri2012b,
    title = {{How oblique trailing edge of a hydrofoil reduces the vortex-induced vibration}},
    year = {2012},
    journal = {Journal of Fluids and Structures},
    author = {Zobeiri, A. and Ausoni, P. and Avellan, F. and Farhat, M.},
    month = {7},
    pages = {78--89},
    volume = {32},
    publisher = {Academic Press},
    doi = {10.1016/j.jfluidstructs.2011.12.003},
    issn = {08899746},
    keywords = {Flow-induced vibration, Fluid-structure interaction, Trailing edge, Vortex shedding, Wake}
}

@article{Zobeiri2012a,
    title = {{How oblique trailing edge of a hydrofoil reduces the vortex-induced vibration}},
    year = {2012},
    journal = {Journal of Fluids and Structures},
    author = {Zobeiri, A and Ausoni, P and Avellan, F and Farhat, M},
    month = {7},
    pages = {78--89},
    volume = {32},
    doi = {10.1016/j.jfluidstructs.2011.12.003},
    issn = {08899746},
    keywords = {Flow-induced vibration, Fluid-structure interaction, Trailing edge, Vortex shedding, Wake, 명음진동, 실험}
}

@article{Kinns2007,
    title = {{Hull vibratory forces transmitted via the fluid and the shaft from a submarine propeller}},
    year = {2007},
    journal = {Ships and Offshore Structures},
    author = {Kinns, Roger and Thompson, Iain and Kessissoglou, Nicole and Tso, Yan},
    number = {2},
    pages = {183--189},
    volume = {2},
    doi = {10.1080/17445300701430291},
    issn = {17445302},
    keywords = {Hull vibration, Propeller noise, Submarines, Underwater sound}
}

@inproceedings{Young2012,
    title = {{Hybrid algorithm for modeling of fluid-structure interaction in incompressible, viscous flows}},
    year = {2012},
    booktitle = {Acta Mechanica Sinica/Lixue Xuebao},
    author = {Young, Yin Lu and Chae, Eun Jung and Akcabay, Deniz Tolga},
    number = {4},
    volume = {28},
    doi = {10.1007/s10409-012-0118-3},
    issn = {05677718}
}

@article{Ciappi2009,
    title = {{Hydrodynamic and hydroelastic analyses of a plate excited by the turbulent boundary layer}},
    year = {2009},
    journal = {Journal of Fluids and Structures},
    author = {Ciappi, E and Magionesi, F and De Rosa, S and Franco, F},
    number = {2},
    pages = {321--342},
    volume = {25},
    doi = {10.1016/j.jfluidstructs.2008.04.006},
    issn = {08899746},
    keywords = {High Reynolds number flow, High-speed vessels, Theoretical models, Vibrational response, Wall-pressure fluctuations}
}

@article{Barker2014,
    title = {{hydrofoils * a + a {\_}{\_} ( o ,,,,,)}},
    year = {2014},
    author = {Barker, J},
    number = {5},
    pages = {1095--1103},
    volume = {59}
}

@article{Mccormick1971,
    title = {{if}},
    year = {1971},
    author = {Mccormick, William T and Starr, Alan W}
}

@article{Motta2015,
    title = {{Influence of airfoil thickness on unsteady aerodynamic loads on pitching airfoils}},
    year = {2015},
    journal = {Journal of Fluid Mechanics},
    author = {Motta, Valentina and Guardone, Alberto and Quaranta, Giuseppe},
    pages = {460--487},
    volume = {774},
    publisher = {Cambridge University Press},
    url = {https://doi.org/10.1017/jfm.2015.280},
    doi = {10.1017/jfm.2015.280},
    issn = {14697645},
    keywords = {Aerodynamics, Flow-structure interactions}
}

@article{Motta2015b,
    title = {{Influence of airfoil thickness on unsteady aerodynamic loads on pitching airfoils}},
    year = {2015},
    journal = {Journal of Fluid Mechanics},
    author = {Motta, Valentina and Guardone, Alberto and Quaranta, Giuseppe},
    pages = {460--487},
    volume = {774},
    publisher = {Cambridge University Press},
    doi = {10.1017/jfm.2015.280},
    issn = {14697645},
    keywords = {Aerodynamics, Flow-structure interactions}
}

@article{Chae2017,
    title = {{Influence of flow-induced bend–twist coupling on the natural vibration responses of flexible hydrofoils}},
    year = {2017},
    journal = {Journal of Fluids and Structures},
    author = {Chae, Eun Jung and Akcabay, Deniz Tolga and Young, Yin Lu},
    month = {2},
    pages = {323--340},
    volume = {69},
    publisher = {Academic Press},
    doi = {10.1016/j.jfluidstructs.2016.12.008},
    issn = {10958622},
    keywords = {Damping, Flow-induced bend–twist coupling, Flow-induced vibration, Fluid–structure interaction, Hydrofoil, Natural vibration characteristics}
}

@article{Chae2017b,
    title = {{Influence of flow-induced bend–twist coupling on the natural vibration responses of flexible hydrofoils}},
    year = {2017},
    journal = {Journal of Fluids and Structures},
    author = {Chae, Eun Jung and Akcabay, Deniz Tolga and Young, Yin Lu},
    doi = {10.1016/j.jfluidstructs.2016.12.008},
    issn = {10958622},
    keywords = {Damping, Flow-induced bend–twist coupling, Flow-induced vibration, Fluid–structure interaction, Hydrofoil, Natural vibration characteristics}
}

@article{Ciappi2006,
    title = {{INTER-NOISE 2006}},
    year = {2006},
    author = {Ciappi, Elena and Magionesi, Francesca},
    number = {December}
}

@article{Zhang2015,
    title = {{Large-eddy simulation of the flow past both finite and infinite circular cylinders at Re = 3900}},
    year = {2015},
    journal = {Journal of Hydrodynamics},
    author = {Zhang, Hui and Yang, Jian Min and Xiao, Long Fei and L{\"{u}}, Hai Ning},
    number = {2},
    pages = {195--203},
    volume = {27},
    publisher = {Publishing House for Journal of Hydrodynamics},
    url = {http://dx.doi.org/10.1016/S1001-6058(15)60472-3},
    doi = {10.1016/S1001-6058(15)60472-3},
    issn = {10016058},
    keywords = {circular cylinder, large-eddy simulation (LES), vortex shedding}
}

@article{Fd,
    title = {{Lattice Boltzmann Method - the kernel of Palabos}},
    author = {Fd, C},
    pages = {6--7}
}

@article{Team2017,
    title = {{LCS : The USA ' s Littoral Combat Ships LCS : Concept {\&} Needs}},
    year = {2017},
    author = {Team, Austal},
    pages = {1--95}
}

@article{Nishi2005,
    title = {{Measurement of Noise on an Underwater Towed Body}},
    year = {2005},
    journal = {The Journal of the Acoustical Society of America},
    author = {Nishi, R Y and Stockhausen, J H and Evensen, E},
    number = {3B},
    pages = {753--758},
    volume = {48},
    doi = {10.1121/1.1912199},
    issn = {0001-4966}
}

@article{Maestrello1965,
    title = {{Measurement of noise radiated by boundary layer excited panels}},
    year = {1965},
    journal = {Journal of Sound and Vibration},
    author = {Maestrello, Lucid},
    number = {2},
    pages = {100--115},
    volume = {2},
    doi = {10.1016/0022-460X(65)90088-X},
    issn = {10958568}
}

@article{Mead1992,
    title = {{Measurement of the dynamic shear moduli of a transversely isotropic fibre-reinforced plastic}},
    year = {1992},
    journal = {Composites},
    author = {Mead, D J and Cudmore, A M},
    number = {4},
    pages = {223--234},
    volume = {23},
    doi = {10.1016/0010-4361(92)90182-T},
    issn = {00104361},
    keywords = {GFRP, composite materials, measured torsional frequencies, modelling, natural frequencies, shear moduli, torsional vibration}
}

@book{Blake2017,
    title = {{Mechanics of Flow-Induced Sound and Vibration: Complex Flow-Structure Interactions}},
    year = {2017},
    booktitle = {Mechanics of Flow-Induced Sound and Vibration: Complex Flow-Structure Interactions},
    author = {Blake, William K.},
    volume = {2}
}

@article{Zhang2015b,
    title = {{Mechanism of frequency lock-in in vortex-induced vibrations at low Reynolds numbers}},
    year = {2015},
    journal = {Journal of Fluid Mechanics},
    author = {Zhang, Weiwei and Li, Xintao and Ye, Zhengyin and Jiang, Yuewen},
    month = {10},
    pages = {72--102},
    volume = {783},
    publisher = {Cambridge University Press},
    url = {https://doi.org/10.1017/jfm.2015.548},
    doi = {10.1017/jfm.2015.548},
    issn = {14697645},
    keywords = {flow-structure interactions, low-dimensional models, vortex flows}
}

@article{Totaro2003,
    title = {{Model of frequency averaged injected power into a plate excited by a turbulent boundary layer}},
    year = {2003},
    journal = {Acta Acustica (Stuttgart)},
    author = {Totaro, Nicolas and Guyader, Jean Louis},
    number = {4},
    pages = {647--657},
    volume = {89},
    issn = {16101928}
}

@article{Jong2009,
    title = {{Model scale measurements of surface ship radiated flow noise}},
    year = {2009},
    journal = {Publications.Tno.Nl},
    author = {de Jong, C A F and Bosschers, Johan and Hasenpflug, H},
    pages = {279--282},
    url = {http://publications.tno.nl/publication/100993/k8abKF/jong-2009-model.pdf}
}

@article{Leonard2001,
    title = {{Model-based feedback control of autonomous underwater gliders}},
    year = {2001},
    journal = {IEEE Journal of Oceanic Engineering},
    author = {Leonard, Naomi Ehrich and Graver, Joshua G.},
    number = {4},
    month = {10},
    pages = {633--645},
    volume = {26},
    doi = {10.1109/48.972106},
    issn = {03649059},
    keywords = {Autonomous underwater vehicles, Buoyancy control, Glider control, Glider dynamics, Movable mass, Underwater gliders}
}

@phdthesis{Jakuba2003,
    title = {{Modeling and Control of an Autonomous Underwater Vehicle with Combined Foil/Thruster Actuators}},
    year = {2003},
    author = {Jakuba, Michael V},
    publisher = {Massachusetts Institute of Technology},
    url = {https://dspace.mit.edu/handle/1721.1/89387},
    school = {Massachusetts Institute of Technology},
    keywords = {Mechanical Engineering., Thesis}
}

@article{Caverly2016,
    title = {{Modeling and control of flow-induced vibrations of a flexible hydrofoil in viscous flow}},
    year = {2016},
    journal = {Smart Materials and Structures},
    author = {Caverly, Ryan James and Li, Chenyang and Chae, Eun Jung and Forbes, James Richard and Young, Yin Lu},
    number = {6},
    month = {5},
    pages = {065007},
    volume = {25},
    publisher = {Institute of Physics Publishing},
    url = {https://iopscience.iop.org/article/10.1088/0964-1726/25/6/065007 https://iopscience.iop.org/article/10.1088/0964-1726/25/6/065007/meta},
    doi = {10.1088/0964-1726/25/6/065007},
    issn = {1361665X},
    keywords = {active control, flow-induced vibrations, fluid-structure interaction, linear quadratic Gaussian control, reduced-order model, vibration supression, viscous flow}
}

@article{Eichhorn2020,
    title = {{Modeling for the performance of navigation, control and data post-processing of underwater gliders}},
    year = {2020},
    journal = {Applied Ocean Research},
    author = {Eichhorn, Mike and Aragon, David and Shardt, Yuri A.W. and Roarty, Hugh},
    month = {8},
    pages = {102191},
    volume = {101},
    publisher = {Elsevier Ltd},
    doi = {10.1016/j.apor.2020.102191},
    issn = {01411187},
    keywords = {Angle of attack, Biofouling, Depth-average velocity, Glider flight model, Long-term missions, Nonlinear regression, Underwater glider}
}

@article{Lee2005,
    title = {{Modeling of Wall Pressure Fluctuations Based on Time Mean Flow Field}},
    year = {2005},
    journal = {Journal of Fluids Engineering},
    author = {Lee, Yu-Tai and Blake, William K and Farabee, Theodore M},
    number = {2},
    pages = {233},
    volume = {127},
    doi = {10.1115/1.1881698},
    issn = {00982202}
}

@article{Chase1980,
    title = {{Modeling the wavevector-frequency spectrum of turbulent boundary layer wall pressure}},
    year = {1980},
    journal = {Journal of Sound and Vibration},
    author = {Chase, D M},
    number = {1},
    pages = {29--67},
    volume = {70},
    doi = {10.1016/0022-460X(80)90553-2},
    issn = {10958568}
}

@article{Gilles1984,
    title = {{Mod{\'{e}}lisation et simulation du champ excitateur induit sur une structure par une couche limite turbulence}},
    year = {1984},
    author = {Gilles, R},
    pages = {130}
}

@article{Khavaran2005,
    title = {{Modelling of fine-scale turbulence mixing noise}},
    year = {2005},
    journal = {Journal of Sound and Vibration},
    author = {Khavaran, A and Bridges, J},
    number = {3-5},
    pages = {1131--1154},
    volume = {279},
    doi = {10.1016/j.jsv.2003.11.054},
    issn = {0022460X}
}

@article{Wright2004,
    title = {{Modern Control Design for Flexible Wind Turbines}},
    year = {2004},
    journal = {National Renewable Energy Laboratory report},
    author = {Wright, Alan D.},
    number = {July},
    doi = {10.2172/15011696}
}

@article{Shengwei2011,
    title = {{Navier-Stokes vs lattice Boltzmann: will it change the landscape of CFD?}},
    year = {2011},
    author = {{Shengwei}},
    url = {http://caewatch.com/navier-stokes-vs-lattice-boltzmann-will-it-change-the-landscape-of-cfd/}
}

@article{Geometry,
    title = {{No 主観的健康感を中心とした在宅高齢者における 健康関連指標に関する共分散構造分析Title}},
    author = {Geometry, Riemannian and Analysis, Geometric},
    isbn = {9783540773405}
}

@article{Amiet1976,
    title = {{Noise due to turbulent flow past a trailing edge}},
    year = {1976},
    journal = {Journal of Sound and Vibration},
    author = {Amiet, R K},
    number = {3},
    pages = {387--393},
    volume = {47},
    doi = {10.1016/0022-460X(76)90948-2},
    issn = {10958568}
}

@article{Skudrzyk2005,
    title = {{Noise Production in a Turbulent Boundary Layer by Smooth and Rough Surfaces}},
    year = {2005},
    journal = {The Journal of the Acoustical Society of America},
    author = {Skudrzyk, E J and Haddle, G P},
    number = {1},
    pages = {19--34},
    volume = {32},
    doi = {10.1121/1.1907871},
    issn = {0001-4966}
}

@article{Parchen2000,
    title = {{Noise production of ships propellers and waterjet installations at non-cavitating conditions}},
    year = {2000},
    journal = {Proceedings of the 34th WEGEMT School "Developments in the design of propulsors and propulsion systems"},
    author = {Parchen, René},
    keywords = {{\{}8CBD5558-7489-490D-B45A-69045576A6EE{\}}}
}

@article{Kussner1960,
    title = {{Nonstationary theory of airfoils of finite thickness in incompressible flow}},
    year = {1960},
    journal = {AGARD Manual on Aeroelasticity, Part},
    author = {K{\"{u}}ssner, H G and Jones, W P},
    volume = {2}
}

@article{Chae2016,
    title = {{Numerical and experimental investigation of natural flow-induced vibrations of flexible hydrofoils}},
    year = {2016},
    journal = {Physics of Fluids},
    author = {Chae, Eun Jung and Akcabay, Deniz Tolga and Lelong, Alexandra and Astolfi, Jacques Andre and Young, Yin Lu},
    number = {7},
    month = {7},
    pages = {075102},
    volume = {28},
    publisher = {American Institute of Physics Inc.},
    url = {http://aip.scitation.org/doi/10.1063/1.4954785},
    doi = {10.1063/1.4954785},
    issn = {10897666},
    keywords = {Navier-Stokes equations, air, bending, boundary layer turbulence, cavitation, damping, flow instability, flow measurement, hydrodynamics, marine vehicles, numerical analysis, vibrations, vortices, water}
}

@article{Chae2016b,
    title = {{Numerical and experimental investigation of natural flow-induced vibrations of flexible hydrofoils}},
    year = {2016},
    journal = {Physics of Fluids},
    author = {Chae, Eun Jung and Akcabay, Deniz Tolga and Lelong, Alexandra and Astolfi, Jacques Andre and Young, Yin Lu},
    number = {7},
    volume = {28},
    doi = {10.1063/1.4954785},
    issn = {10897666}
}

@article{Wei2012,
    title = {{Numerical prediction of propeller excited acoustic response of submarine structure based on CFD, FEM and BEM}},
    year = {2012},
    journal = {Journal of Hydrodynamics},
    author = {Wei, Ying San and Wang, Yong Sheng and Chang, Shu Ping and Fu, Jian},
    number = {2},
    pages = {207--216},
    volume = {24},
    publisher = {Publishing House for Journal of Hydrodynamics},
    url = {http://dx.doi.org/10.1016/S1001-6058(11)60236-9},
    doi = {10.1016/S1001-6058(11)60236-9},
    issn = {10016058},
    keywords = {Computational Fluid Dynamics (CFD), Finite Element Method (FEM) and Refined Integral A, propeller excitation, self propulsion, submarine, underwater noise}
}

@article{Kato2007,
    title = {{Numerical prediction of sound generated from flows with a low Mach number}},
    year = {2007},
    journal = {Computers and Fluids},
    author = {Kato, Chisachi and Yamade, Yoshinobu and Wang, Hong and Guo, Yang and Miyazawa, Masashi and Takaishi, Takehisa and Yoshimura, Shinobu and Takano, Yasushi},
    number = {1},
    pages = {53--68},
    volume = {36},
    doi = {10.1016/j.compfluid.2005.07.006},
    issn = {00457930}
}

@article{Zhang2014,
    title = {{Numerical simulation of hull/propeller interaction of submarine in submergence and near surface conditions}},
    year = {2014},
    journal = {Journal of Hydrodynamics},
    author = {Zhang, Nan and Zhang, Sheng Li},
    number = {1},
    pages = {50--56},
    volume = {26},
    publisher = {Publishing House for Journal of Hydrodynamics},
    url = {http://dx.doi.org/10.1016/S1001-6058(14)60006-8},
    doi = {10.1016/S1001-6058(14)60006-8},
    issn = {10016058},
    keywords = {hull/propeller interaction, numerical simulation, sliding mesh, submarine, volume of fluid (VOF) method}
}

@article{Mahmoudnejad2012,
    title = {{Numerical Simulation of Wall-Pressure Fluctuations Due to a Turbulent Boundary Layer}},
    year = {2012},
    journal = {Journal of Aircraft},
    author = {Mahmoudnejad, Niloufar and Hoffmann, Klaus. A},
    number = {6},
    pages = {2046--2058},
    volume = {49},
    doi = {10.2514/1.c031858},
    issn = {0021-8669}
}

@article{Do2010a,
    title = {{Numerical study of turbulent trailing-edge flows with base cavity effects using URANS}},
    year = {2010},
    journal = {Journal of Fluids and Structures},
    author = {Do, Thau and Chen, Li and Tu, Jiyuan},
    number = {7-8},
    month = {10},
    pages = {1155--1173},
    volume = {26},
    doi = {10.1016/j.jfluidstructs.2010.07.006},
    issn = {08899746},
    keywords = {Base cavity, Trailing-edge flow, Unsteady RANS, Vortex shedding}
}

@article{Do2010b,
    title = {{Numerical study of turbulent trailing-edge flows with base cavity effects using URANS}},
    year = {2010},
    journal = {Journal of Fluids and Structures},
    author = {Do, Thau and Chen, Li and Tu, Jiyuan},
    number = {7-8},
    month = {10},
    pages = {1155--1173},
    volume = {26},
    doi = {10.1016/j.jfluidstructs.2010.07.006},
    issn = {08899746},
    keywords = {Base cavity, Trailing-edge flow, Unsteady RANS, Vortex shedding, 명음진동, 실험, 해석}
}

@article{Do2010,
    title = {{Numerical study of turbulent trailing-edge flows with base cavity effects using URANS}},
    year = {2010},
    journal = {Journal of Fluids and Structures},
    author = {Do, Thau and Chen, Li and Tu, Jiyuan},
    number = {7-8},
    month = {10},
    pages = {1155--1173},
    volume = {26},
    doi = {10.1016/j.jfluidstructs.2010.07.006},
    issn = {08899746},
    keywords = {Base cavity, Trailing-edge flow, Unsteady RANS, Vortex shedding}
}

@article{Park2019,
    title = {{NUMERICAL STUDY ON THE RESISTANCE AND SELF-PROPULSION OF THE SUBOFF SUBMARINE MODEL IN THE CAVITATION TUNNEL}},
    year = {2019},
    journal = {Journal of Computational Fluids Engineering},
    author = {Park, I.R. and Kim, J.I. and Suh, S.B. and Seol, H.S.},
    number = {3},
    month = {9},
    pages = {50--58},
    volume = {24},
    publisher = {Korea Society for Computational Fluids Engineering},
    url = {https://www.dbpia.co.kr/Journal/articleDetail?nodeId=NODE09215794},
    doi = {10.6112/kscfe.2019.24.3.050},
    issn = {1598-6071},
    keywords = {SUBOFF 잠수함(SUBOFF submarine), 위벽효과(Blockage effect), 자항(Self-propulsion), 저항성능(Resistance performance), 전산유체역학(Computational Fluid Dynamics), 캐비테이션(Cavitation), 캐비테이션터널(Cavitation tunnel)}
}

@article{Dey2020,
    title = {{Observation of lock-in for viscoelastic fluid–structure interactions}},
    year = {2020},
    journal = {Journal of Fluids and Structures},
    author = {Dey, Anita A. and Modarres-Sadeghi, Yahya and Rothstein, Jonathan P.},
    month = {7},
    pages = {103025},
    volume = {96},
    publisher = {Academic Press},
    doi = {10.1016/j.jfluidstructs.2020.103025},
    issn = {10958622}
}

@article{York2016,
    title = {{of the flow is clearly demonstrated using both Physical Acoustics : Adaptively Focused Arrays of Electrical Engineering University}},
    year = {2016},
    author = {York, New},
    number = {4},
    pages = {2286},
    volume = {90}
}

@article{Schewe1983,
    title = {{On the force fluctuations acting on a circular cylinder in crossflow from subcritical up to transcritical Reynolds numbers}},
    year = {1983},
    journal = {Journal of Fluid Mechanics},
    author = {Schewe, Günter},
    pages = {265--285},
    volume = {133},
    doi = {10.1017/S0022112083001913},
    issn = {14697645}
}

@article{JEong1995,
    title = {{On the identification of a vortex}},
    year = {1995},
    journal = {Journal of Fluid Mechanics},
    author = {JEong, Jinhee and Hussain, Fazle},
    pages = {69--94},
    volume = {285},
    isbn = {1469-7645},
    doi = {10.1017/S0022112095000462},
    issn = {14697645},
    pmid = {2}
}

@article{Chakraborty2005,
    title = {{On the relationships between local vortex identification schemes}},
    year = {2005},
    journal = {Journal of Fluid Mechanics},
    author = {Chakraborty, Pinaki and Balachandar, S and Adrian, Ronald J},
    pages = {189--214},
    volume = {535},
    doi = {10.1017/S0022112005004726},
    issn = {00221120}
}

@article{Schewe1983a,
    title = {{On the structure and resolution of wall-pressure fluctuations associated with turbulent boundary-layer flow}},
    year = {1983},
    journal = {Journal of Fluid Mechanics},
    author = {Schewe, Gunter},
    pages = {311--328},
    volume = {134},
    doi = {10.1017/S0022112083003389},
    issn = {14697645}
}

@article{Neumann2016,
    title = {{On transient hybrid Lattice Boltzmann–Navier-Stokes flow simulations}},
    year = {2016},
    journal = {Journal of Computational Science},
    author = {Neumann, Philipp},
    pages = {482--490},
    volume = {17},
    publisher = {Elsevier B.V.},
    url = {http://dx.doi.org/10.1016/j.jocs.2016.02.003},
    doi = {10.1016/j.jocs.2016.02.003},
    issn = {18777503},
    keywords = {Coupling, Lattice Boltzmann, Navier-Stokes, Time-dependent, Transient}
}

@article{Jasak2009,
    title = {{OpenFOAM: Open source CFD in research and industry}},
    year = {2009},
    journal = {International Journal of Naval Architecture and Ocean Engineering},
    author = {Jasak, Hrvoje},
    number = {2},
    pages = {89--94},
    volume = {1},
    doi = {10.3744/JNAOE.2009.1.2.089},
    issn = {20926790},
    keywords = {CFD, Equation mimicking, Finite volume, Object-oriented, Open source}
}

@article{Curtin2005,
    title = {{Operations Research}},
    year = {2005},
    journal = {Encyclopedia of Social Measurement},
    author = {Curtin, Kevin M},
    number = {3},
    pages = {925--931},
    volume = {12},
    url = {https://linkinghub.elsevier.com/retrieve/pii/B012369398500534X},
    doi = {10.1016/B0-12-369398-5/00534-X}
}

@article{Fork1956,
    title = {{P0 Po f Ix-yl-}},
    year = {1956},
    author = {Fork, New},
    pages = {378--390}
}

@article{Akcabay2015,
    title = {{Parametric excitations and lock-in of flexible hydrofoils in two-phase flows}},
    year = {2015},
    journal = {Journal of Fluids and Structures},
    author = {Akcabay, Deniz Tolga and Young, Yin Lu},
    month = {8},
    pages = {344--356},
    volume = {57},
    publisher = {Academic Press},
    doi = {10.1016/j.jfluidstructs.2015.06.004},
    issn = {10958622},
    keywords = {Cavitation, Frequency modulation, Hydrofoil, Parametric resonance, Reduced-order modeling, Van der Pol equation}
}

@article{Park2001,
    title = {{Power flow models and analysis of in-plane waves in finite coupled thin plates}},
    year = {2001},
    journal = {Journal of Sound and Vibration},
    author = {Park, D H and Hong, S Y and Kil, H G and Jeon, J J},
    number = {4},
    pages = {651--668},
    volume = {244},
    doi = {10.1006/jsvi.2000.3517},
    issn = {0022460X}
}

@article{Lee2019,
    title = {{Prediction of Airfoil Trailing-Edge Noise Using Empirical Wall-Pressure Spectrum Models}},
    year = {2019},
    journal = {AIAA Journal},
    author = {Lee, Seongkyu and Shum, Jessica G},
    number = {3},
    pages = {888--897},
    volume = {57},
    url = {https://arc.aiaa.org/doi/10.2514/1.J057787},
    doi = {10.2514/1.J057787},
    issn = {0001-1452}
}

@article{Han1999,
    title = {{Prediction of flow-induced structural vibration and sound radiation using energy flow analysis}},
    year = {1999},
    journal = {Journal of Sound and Vibration},
    author = {Han, F and Bernhard, R J and Mongeau, L G},
    number = {4},
    pages = {685--709},
    volume = {227},
    doi = {10.1006/jsvi.1998.3013},
    issn = {0022460X}
}

@book{Delft2011,
    title = {{Prediction of Propeller-Induced Hull-Pressure Fluctuations Proefschrift}},
    year = {2011},
    author = {Delft, Technische Universiteit and Prof, Rector Magnificus},
    number = {november},
    isbn = {9789075757002}
}

@article{Ianniello2012,
    title = {{Quadrupole noise predictions through the Ffowcs Williams-Hawkings equation}},
    year = {2012},
    journal = {AIAA Journal},
    author = {Ianniello, Sandro},
    number = {9},
    pages = {1048--1054},
    volume = {37},
    doi = {10.2514/3.14287},
    issn = {0001-1452}
}

@article{Blevins1984,
    title = {{Review of sound induced by vortex shedding from cylinders}},
    year = {1984},
    journal = {Journal of Sound and Vibration},
    author = {Blevins, R D},
    number = {4},
    pages = {455--470},
    volume = {92},
    doi = {10.1016/0022-460X(84)90191-3},
    issn = {10958568}
}

@article{Miller2012,
    title = {{Review of Turbulent Boundary Layer Models for Acoustic Analysis}},
    year = {2012},
    journal = {Journal of Aircraft},
    author = {Miller, Teresa S and Gallman, Judith M and Moeller, Mark J},
    number = {6},
    pages = {1739--1754},
    volume = {49},
    doi = {10.2514/1.c031405},
    issn = {0021-8669}
}

@article{Davies2016,
    title = {{S , nn ( k ) P ( x ' {\o}{\o}) lPmn ( X ) dx ' Pmn ( OO ) --- lap}},
    year = {2016},
    author = {Davies, G},
    number = {3},
    volume = {49}
}

@article{Washburn1986,
    title = {{Search for a Moving Target}},
    year = {1986},
    author = {Washburn, A R},
    pages = {1986},
    volume = {1986}
}

@article{Ianniello2014,
    title = {{Ship underwater noise assessment by the Acoustic Analogy part II: Hydroacoustic analysis of a ship scaled model}},
    year = {2014},
    journal = {Journal of Marine Science and Technology (Japan)},
    author = {Ianniello, S and Muscari, R and Di Mascio, A},
    number = {1},
    pages = {52--74},
    volume = {19},
    doi = {10.1007/s00773-013-0236-z},
    issn = {09484280},
    keywords = {Acoustic Analogy, Hydroacoustics, Underwater noise}
}

@article{B1995,
    title = {{Simple Models of Energy Flow in Vibrating Membranes}},
    year = {1995},
    journal = {Journal of Sound and Vibration},
    author = {B, O M and B,  R J},
    number = {1},
    pages = {129--147},
    volume = {182}
}

@article{MARBURG2002,
    title = {{Six Boundary Elements Per Wavelength: Is That Enough?}},
    year = {2002},
    journal = {Journal of Computational Acoustics},
    author = {MARBURG, STEFFEN},
    number = {01},
    pages = {25--51},
    volume = {10},
    doi = {10.1142/s0218396x02001401},
    issn = {0218-396X}
}

@article{Liu2017,
    title = {{Sixty years of research on ship rudders: effects of design choices on rudder performance}},
    year = {2017},
    journal = {Ships and Offshore Structures},
    author = {Liu, Jialun and Hekkenberg, Robert},
    number = {4},
    volume = {12},
    doi = {10.1080/17445302.2016.1178205},
    issn = {17445302}
}

@article{Liu2003,
    title = {{Smoothing elastoplastic stress-strain curves obtained by a critical modification of conventional models}},
    year = {2003},
    journal = {International Journal of Solids and Structures},
    author = {Liu, Chein Shan},
    number = {9},
    pages = {2121--2145},
    volume = {40},
    url = {http://physics.ndsu.edu/fileadmin/physics.ndsu.edu/Wagner/LBbook.pdf},
    doi = {10.1016/S0020-7683(03)00025-8},
    issn = {00207683},
    pmid = {24632677},
    keywords = {Bauschinger effect, Cyclic hardening, Elastoplasticity, Limiting surface, Smooth factor, Strain ratcheting}
}

@article{Chakravorty1982,
    title = {{Some Aspects in the Design of Sonar Domes.}},
    year = {1982},
    journal = {Defence Science Journal},
    author = {Chakravorty, P K and Rao, V Bhujanga},
    number = {1},
    pages = {47--54},
    volume = {32},
    doi = {10.14429/dsj.32.6194},
    issn = {0011748X}
}

@article{Joubert2004,
    title = {{Some Aspects of Submarine Design Part 1 . Hydrodynamics}},
    year = {2004},
    journal = {Department of Defence, Australian Goverment},
    author = {Joubert, Prof P N},
    keywords = {Submarines}
}

@article{Park2000,
    title = {{Sound radiation from a flow-excited rectangular plate with visco-elastic supports}},
    year = {2000},
    journal = {Canadian Acoustics},
    author = {Park, Junhong and Mongeau, Lue G},
    number = {3},
    pages = {100--101},
    volume = {28}
}

@article{Hu2006,
    title = {{Sound radiation from a turbulent boundary layer}},
    year = {2006},
    journal = {Physics of Fluids},
    author = {Hu, Zhiwei and Morfey, Christopher L and Sandham, Neil D},
    number = {9},
    pages = {46--50},
    volume = {18},
    doi = {10.1063/1.2337733},
    issn = {10706631}
}

@article{Han2014,
    title = {{Specification of the hull vibration to control underwater radiated noise by estimation with modified experimental sound radiation efficiency}},
    year = {2014},
    journal = {Journal of Mechanical Science and Technology},
    author = {Han, Hyung Suk and Lee, Kyung Hyun},
    number = {9},
    pages = {3425--3432},
    volume = {28},
    doi = {10.1007/s12206-014-0803-1},
    issn = {1738494X},
    keywords = {Sound radiation efficiency, Underwater radiated noise, Vibration velocity}
}

@inproceedings{Bhatta2002,
    title = {{Stabilization and coordination of underwater gliders}},
    year = {2002},
    booktitle = {Proceedings of the IEEE Conference on Decision and Control},
    author = {Bhatta, Pradeep and Leonard, Naomi Ehrich},
    pages = {2081--2086},
    volume = {2},
    doi = {10.1109/cdc.2002.1184836},
    issn = {01912216}
}

@article{Merz2009,
    title = {{Structural and acoustic responses of a submarine hull due to propeller forces}},
    year = {2009},
    journal = {Journal of Sound and Vibration},
    author = {Merz, Sascha and Kinns, Roger and Kessissoglou, Nicole},
    number = {1-2},
    pages = {266--286},
    volume = {325},
    doi = {10.1016/j.jsv.2009.03.011},
    issn = {0022460X}
}

@article{Wei2011,
    title = {{Structure Noise Prediction of Submarine by Propeller Excitation}},
    year = {2011},
    journal = {Applied Mechanics and Materials},
    author = {Wei, Ying San and Wang, Yong Sheng},
    number = {2},
    pages = {43--46},
    volume = {105-107},
    doi = {10.4028/www.scientific.net/amm.105-107.43},
    keywords = {a mesh-less refined integral, abstract, accurate, algorithm, be, bem was used to, cfd, cfd was applied to, fem, hie, integral equation, of, of helmholtz, on it was not, overcome this problem, predict, propeller excitation, refined integral algorithm, ria, submarine, the general gauss quadrature, then ria coupled with, vibro-acoustic, was coarse, when boundary element}
}

@article{Bertram2013,
    title = {{Submarine Hull Design}},
    year = {2013},
    author = {Bertram, Volker},
    pages = {1--113}
}

@article{Wei2012a,
    title = {{Submarine underwater structure-borne noise and flow noise due to propeller excitation}},
    year = {2012},
    journal = {Acoustics Australia},
    author = {Wei, Yingsan and Wang, Yongsheng and Ding, Ke and Fu, Jian},
    number = {2},
    pages = {122--127},
    volume = {40},
    issn = {08146039}
}

@article{Waharte2010,
    title = {{Supporting search and rescue operations with UAVs}},
    year = {2010},
    journal = {Proceedings - EST 2010 - 2010 International Conference on Emerging Security Technologies, ROBOSEC 2010 - Robots and Security, LAB-RS 2010 - Learning and Adaptive Behavior in Robotic Systems},
    author = {Waharte, Sonia and Trigoni, Niki},
    pages = {142--147},
    isbn = {9780769541754},
    doi = {10.1109/EST.2010.31}
}

@article{Lyrintzis2002,
    title = {{Surface Integral Methods in Computational Aeroacoustics}},
    year = {2002},
    journal = {From CFD to CAA},
    author = {Lyrintzis, Anastasios S},
    pages = {1--53}
}

@article{DeJong2008,
    title = {{Surface ship underwater radiated flow noise}},
    year = {2008},
    journal = {The Journal of the Acoustical Society of America},
    author = {de Jong, Christ A F and van Lier, Leonard J and Bosschers, Johan},
    number = {4},
    pages = {2568},
    volume = {116},
    doi = {10.1121/1.1853012},
    issn = {0001-4966}
}

@article{Posson2013,
    title = {{The acoustic analogy in an annular duct with swirling mean flow}},
    year = {2013},
    journal = {Journal of Fluid Mechanics},
    author = {Posson, H and Peake, N},
    month = {5},
    pages = {439--475},
    volume = {726},
    doi = {10.1017/jfm.2013.210},
    issn = {00221120},
    keywords = {Acoustics, Aeroacoustics}
}

@article{Chase1987,
    title = {{The character of the turbulent wall pressure spectrum at subconvective wavenumbers and a suggested comprehensive model}},
    year = {1987},
    journal = {Journal of Sound and Vibration},
    author = {Chase, D M},
    number = {1},
    pages = {125--147},
    volume = {112},
    doi = {10.1016/S0022-460X(87)80098-6},
    issn = {10958568}
}

@article{Ausoni2012,
    title = {{The effects of a tripped turbulent boundary layer on vortex shedding from a blunt trailing edge hydrofoil}},
    year = {2012},
    journal = {Journal of Fluids Engineering, Transactions of the ASME},
    author = {Ausoni, Philippe and Zobeiri, Amirreza and Avellan, François and Farhat, Mohamed},
    number = {5},
    volume = {134},
    doi = {10.1115/1.4006700},
    issn = {00982202}
}

@incollection{Caffaz2012,
    title = {{The enhanced Folaga: A hybrid AUV with modular payloads}},
    year = {2012},
    booktitle = {Further Advances in Unmanned Marine Vehicles},
    author = {Caffaz, Andrea and Caiti, Andrea and Calabr{\`{o}}, Vincenzo and Casalino, Giuseppe and Guerrini, Piero and Maguer, Alain and Munaf{\`{o}}, Andrea and Potter, John R. and Tay, Harold and Turetta, Alessio},
    month = {1},
    pages = {309--330},
    publisher = {Institution of Engineering and Technology},
    isbn = {9781849194808},
    doi = {10.1049/PBCE077E{\_}ch14},
    keywords = {Actuators, Autonomous underwater vehicles, Buoyancy change identification, Control system synthesis, Efolaga design, Electromechanical constraints, Hovering capacities, Hybrid AUV, Intelligent payloads, Lumped parameter models, Manoeuvrability capacities, Mass displacement actuator identification, Modular payload-carrying capability, Software level, eFolaga GNC}
}

@article{Yoerger1990,
    title = {{The Influence of Thruster Dynamics on Underwater Vehicle Behavior and Their Incorporation Into Control System Design}},
    year = {1990},
    journal = {IEEE Journal of Oceanic Engineering},
    author = {Yoerger, Dana R. and Cooke, John G. and Slotine, Jean Jacques E.},
    number = {3},
    pages = {167--178},
    volume = {15},
    doi = {10.1109/48.107145},
    issn = {15581691}
}

@article{Smol1994,
    title = {{The Influence of Viscous Stress Fluctuations in a Flow on Aerodynamical Noise}},
    year = {1994},
    author = {Smol, A V},
    pages = {541--546},
    volume = {80}
}

@article{Gerrard1966,
    title = {{The mechanics of the formation region of vortices behind bluff bodies}},
    year = {1966},
    journal = {Journal of Fluid Mechanics},
    author = {Gerrard, J. H.},
    number = {2},
    volume = {25},
    doi = {10.1017/S0022112066001721},
    issn = {14697645}
}

@article{Dirac1927,
    title = {{The Quantum Theory of the Emission and Absorption of Radiation}},
    year = {1927},
    journal = {Proceedings of the Royal Society A: Mathematical, Physical and Engineering Sciences},
    author = {Dirac, P A M},
    number = {767},
    pages = {243--265},
    volume = {114},
    url = {http://rspa.royalsocietypublishing.org/cgi/doi/10.1098/rspa.1927.0039},
    isbn = {00804649},
    doi = {10.1098/rspa.1927.0039},
    issn = {1364-5021},
    pmid = {6127704},
    arxivId = {9.23}
}

@article{Washuta2016,
    title = {{The Turbulent Boundary Layer on a Horizontally Moving, Partially Submerged, Surface-Piercing Vertical Wall}},
    year = {2016},
    author = {Washuta, Nathan and Masnadi, Naeem and Duncan, James H},
    number = {November},
    pages = {2--7},
    url = {http://arxiv.org/abs/1606.05035},
    arxivId = {1606.05035}
}

@article{Pan2004,
    title = {{The Use of Surface Integral Methods in Computational Jet Aeroacoustics}},
    year = {2004},
    author = {Pan, FongLoon},
    number = {December}
}

@article{Bessa2005,
    title = {{THRUSTER DYNAMICS COMPENSATION FOR THE POSITIONING OF UNDERWATER ROBOTIC VEHICLES THROUGH A FUZZY SLIDING MODE BASED APPROACH}},
    year = {2005},
    author = {Bessa, Wallace M.}
}

@inproceedings{Bingham2019,
    title = {{Toward maritime robotic simulation in gazebo}},
    year = {2019},
    booktitle = {OCEANS 2019 MTS/IEEE Seattle, OCEANS 2019},
    author = {Bingham, Brian and Aguero, Carlos and McCarrin, Michael and Klamo, Joseph and Malia, Joshua and Allen, Kevin and Lum, Tyler and Rawson, Marshall and Waqar, Rumman},
    month = {10},
    publisher = {Institute of Electrical and Electronics Engineers Inc.},
    isbn = {9780578576183},
    doi = {10.23919/OCEANS40490.2019.8962724}
}

@article{Abshagen2014,
    title = {{Towed body measurements of flow noise from a turbulent boundary layer under sea conditions}},
    year = {2014},
    journal = {The Journal of the Acoustical Society of America},
    author = {Abshagen, J and Nejedl, V},
    number = {2},
    pages = {637--645},
    volume = {135},
    doi = {10.1121/1.4861238},
    issn = {0001-4966}
}

@article{Lee2009,
    title = {{Turbulence effects of wall-pressure fluctuations for reattached flow}},
    year = {2009},
    journal = {Computers and Fluids},
    author = {Lee, Yu Tai and Farabee, Theodore M and Blake, William K},
    number = {5},
    pages = {1033--1041},
    volume = {38},
    publisher = {Elsevier Ltd},
    url = {http://dx.doi.org/10.1016/j.compfluid.2008.01.012},
    doi = {10.1016/j.compfluid.2008.01.012},
    issn = {00457930}
}

@article{Choi2016,
    title = {{Turbulence-induced noise of a submerged cylinder using a permeable FW-H method}},
    year = {2016},
    journal = {International Journal of Naval Architecture and Ocean Engineering},
    author = {Choi, W.-S. and Choi, Y. and Hong, S.-Y. and Song, J.-H. and Kwon, H.-W. and Jung, C.-M.},
    number = {3},
    volume = {8},
    doi = {10.1016/j.ijnaoe.2016.03.002},
    issn = {20926790},
    keywords = {Acoustic analogy, Circular cylinder, OpenFOAM, Permeable FW-H method, Turbulence-induced noise}
}

@misc{Hinze1975,
    title = {{Turbulence.}},
    year = {1975},
    author = {Hinze, J. O.}
}

@article{Blake1970,
    title = {{Turbulent boundary-layer wall-pressure fluctuations on smooth and rough walls}},
    year = {1970},
    journal = {Journal of Fluid Mechanics},
    author = {Blake, William K},
    number = {4},
    pages = {637--660},
    volume = {44},
    doi = {10.1017/S0022112070002069},
    issn = {14697645}
}

@article{JoshuaG.GraverandNaomiEhrichLeonard2001,
    title = {{Underwater Glider Dynamics and Control}},
    year = {2001},
    journal = {12th International Symposium on Unmanned Untethered Submersible Technology},
    author = {{Joshua G. Graver and Naomi Ehrich Leonard}}
}

@techreport{Jensins2003,
    title = {{Underwater Glider System Study}},
    year = {2003},
    author = {Jensins, Scott and Doublas, Humphreys and Jeff, Sherman and Jim, Osse and Clayton, Jones and Naomi, Leonard and {Joshua Graver} and {Ralf Bachmayer} and Ted, Clem and Paul, Carroll and Philip, Davis and Jon, Berry and Paul, Worley and Joseph, Wasyl},
    pages = {Technical Report No. 53},
    url = {https://escholarship.org/uc/item/1c28t6bb},
    institution = {Scripps Institution of Oceanography}
}

@phdthesis{Graver2005,
    title = {{UNDERWATER GLIDERS: DYNAMICS, CONTROL AND DESIGN}},
    year = {2005},
    author = {Graver, Joshua},
    url = {https://www.princeton.edu/~naomi/theses/jggraver-thesis-4-11-05.pdf},
    school = {PRINCETON UNIVERSITY}
}

@article{Metcalf2006,
    title = {{Unsteady free-surface wave-induced boundary-layer separation for a surface-piercing NACA 0024 foil: Towing tank experiments}},
    year = {2006},
    journal = {Journal of Fluids and Structures},
    author = {Metcalf, B and Longo, J and Ghosh, S and Stern, F},
    number = {1},
    month = {1},
    pages = {77--98},
    volume = {22},
    publisher = {Academic Press},
    url = {https://www.sciencedirect.com/science/article/pii/S0889974605001726?via%3Dihub},
    doi = {10.1016/J.JFLUIDSTRUCTS.2005.09.004},
    issn = {0889-9746}
}

@article{Wei2013,
    title = {{Unsteady hydrodynamics of blade forces and acoustic responses of a model scaled submarine excited by propeller's thrust and side-forces}},
    year = {2013},
    journal = {Journal of Sound and Vibration},
    author = {Wei, Yingsan and Wang, Yongsheng},
    number = {8},
    pages = {2038--2056},
    volume = {332},
    publisher = {Elsevier},
    url = {http://dx.doi.org/10.1016/j.jsv.2012.12.001},
    doi = {10.1016/j.jsv.2012.12.001},
    issn = {0022460X},
    keywords = {APF, BEM, BPF, CBIE, CFD, CHIEF, FEM, HBIE, LES, RANS, Reynolds average Navier Stokes, SST, URANS, axial passing frequency, blade Passing frequency, boundary element method, combined helmholtz integral equation formulation, computational fluid dynamic, conventional boundary integral equation, finite element method, hyper singular boundary integral equation, large eddy simulation, shear stress transport, unsteady Reynolds average Navier Stokes}
}

@article{Goody2009,
    title = {{Unsteady Pressures on the Surface of a Ship Hull}},
    year = {2009},
    author = {Goody, Michael and Farabee, Theodore and Lee, Yu-Tai},
    pages = {79--86},
    doi = {10.1115/imece2007-41673},
    keywords = {IMECE2007-41673}
}

@article{Zeljko2007,
    title = {{UPDATED LAGRANGIAN FINITE VOLUME SOLVER FOR LARGE DEFORMATION DYNAMIC RESPONSE OF ELASTIC BODY}},
    year = {2007},
    author = {Zeljko, ˇ and Tukovi´c, Tukovi´c and Jasak, Hrvoje},
    isbn = {532.5:519.6},
    issn = {1333-1124},
    keywords = {cell-centred finite volume method, dynamic response, elastic body, large deformation, updated Lagrangian formulation}
}

@article{Maestrello2003,
    title = {{Use of turbulent model to calculate the vibration and radiation responses of a panel, with practical suggestions for reducing sound level}},
    year = {2003},
    journal = {Journal of Sound and Vibration},
    author = {Maestrello, L},
    number = {3},
    pages = {407--448},
    volume = {5},
    doi = {10.1016/0022-460x(67)90190-3},
    issn = {0022460X}
}

@inproceedings{Manhaes2016,
    title = {{UUV Simulator: A Gazebo-based package for underwater intervention and multi-robot simulation}},
    year = {2016},
    booktitle = {OCEANS 2016 MTS/IEEE Monterey, OCE 2016},
    author = {Manh{\~{a}}es, Musa Morena Marcusso and Scherer, Sebastian A. and Voss, Martin and Douat, Luiz Ricardo and Rauschenbach, Thomas},
    doi = {10.1109/OCEANS.2016.7761080}
}

@article{Aucejo2013,
    title = {{Vibro-acoustique des structures immerg ´ ees sous ecoulement turbulent Mathieu Aucejo To cite this version : Vibro-acoustique des structures immerg{\'{e}}es sous {\'{e}}coulement turbulent}},
    year = {2013},
    author = {Aucejo, Mathieu}
}

@article{Williamson1988,
    title = {{Vortex formation in the wake of an oscillating cylinder}},
    year = {1988},
    journal = {Journal of Fluids and Structures},
    author = {Williamson, C. H.K. and Roshko, A.},
    number = {4},
    volume = {2},
    doi = {10.1016/S0889-9746(88)90058-8},
    issn = {10958622}
}

@article{Lee2014,
    title = {{Vortex Shedding Frequency for a 2D Hydrofoil with a Truncated Trailing Edge}},
    year = {2014},
    journal = {Journal of the Society of Naval Architects of Korea},
    author = {Lee, Seung-Jae and Lee, Jun-Hyeok and Suh, Jung-Chun},
    number = {6},
    volume = {51},
    doi = {10.3744/snak.2014.51.6.480},
    issn = {1225-1143}
}

@article{Triantafyllou2016,
    title = {{Vortex-induced vibrations}},
    year = {2016},
    journal = {Springer Handbook of Ocean Engineering},
    author = {Triantafyllou, Michael S and Bourguet, Rémi and Dahl, Jason and Modarres-Sadeghi, Yahya},
    number = {1982},
    pages = {819--849},
    isbn = {9783319166490},
    doi = {10.1007/978-3-319-16649-0{\_}36},
    keywords = {and to, decades, discoveries concern-, ing vortex-induced vibration, lock-in, many of which are, mass and damping, over the last two, related to the push, resonance, s abstract this review, summarizes fundamental results and, synchronization, that have been made, to explore very low, viv, vortex dynamics, wake modes}
}

@article{Kim2006,
    title = {{Wall pressure fluctuations and flow-induced noise in a turbulent boundary layer over a bump}},
    year = {2006},
    journal = {Journal of Fluid Mechanics},
    author = {Kim, Joongnyon and Sung, Hyung Jin},
    pages = {79--102},
    volume = {558},
    isbn = {0022112006},
    doi = {10.1017/S002211200600989X},
    issn = {00221120}
}

@article{Panton1974,
    title = {{Wall pressure spectra calculations for equilibrium boundary layers}},
    year = {1974},
    journal = {Journal of Fluid Mechanics},
    author = {Panton, Ronald L and Linebarger, John H},
    number = {2},
    pages = {261--287},
    volume = {65},
    url = {https://doi.org/10.1017/S0022112074001388},
    doi = {10.1017/S0022112074001388},
    issn = {14697645}
}

@article{Salim2010,
    title = {{Wall y<SUP align=right>+</SUP>approach for dealing with turbulent flows over a wall mounted cube}},
    year = {2010},
    journal = {Progress in Computational Fluid Dynamics, An International Journal},
    author = {Salim, S M and Ariff, M and Cheah, S C},
    number = {5/6},
    pages = {341},
    volume = {10},
    doi = {10.1504/pcfd.2010.035368},
    issn = {1468-4349}
}

@article{Bull1996,
    title = {{Wall-pressure fluctuations beneath turbulent boundary layers: Some reflections on forty years of research}},
    year = {1996},
    journal = {Journal of Sound and Vibration},
    author = {Bull, M K},
    number = {3},
    pages = {299--315},
    volume = {190},
    url = {https://ac.els-cdn.com/S0022460X96900668/1-s2.0-S0022460X96900668-main.pdf?_tid=dbbbf213-df38-4180-a657-90642f13692b&acdnat=1527669065_75a2dc3dd9d512cc4fe3a9f27efc3911},
    doi = {10.1006/jsvi.1996.0066},
    issn = {0022460X}
}

@article{Society1976,
    title = {{告 蒜 ー}},
    year = {1976},
    author = {Society, Acoustical}
}

@article{Vol2015,
    title = {{複合材料製プロペラの研究開発状況}},
    year = {2015},
    author = {Vol, Jime},
    pages = {91--96}
}

@article{Shin2014,
    title = {{선저 소나돔의 유체소음원 특성 분석 Investigation of Flow Noise Source of Hull Mounted Sonar Dome}},
    year = {2014},
    author = {Shin, Ku-kyun and Kang, Myengwhan and Yi, Jong-ju and Seo, Youngsoo and Lee, Kyung-jun},
    pages = {575--576},
    keywords = {boundary layer, flow noise, hull mounted sonar, sonar dome, turbulent, wall pressure fluctuation, 난류 경계층, 벽면압력 변동, 선저 소나, 소나돔, 유체소음}
}

@article{Information2002,
    title = {{캐비테이션 터널에서의 수중청음기 설치 방법에 따른 유동소음 특성}},
    year = {2002},
    author = {Information, Copyright}
}

@article{20041130052,
    title = {{20041130 052}}
}

@misc{2017_PressurePropeller.pdf,
    title = {{2017{\_}Pressure and noise induced by a cavitating marine screw propeller.pdf}}
}

@article{Williams2010AcousticInterpretation,
    title = {{Acoustic scattering from a solid aluminum cylinder in contact with a sand sediment: Measurements, modeling, and interpretation}},
    year = {2010},
    journal = {The Journal of the Acoustical Society of America},
    author = {Williams, Kevin L. and Kargl, Steven G. and Thorsos, Eric I. and Burnett, David S. and Lopes, Joseph L. and Zampolli, Mario and Marston, Philip L.},
    number = {6},
    month = {6},
    pages = {3356--3371},
    volume = {127},
    publisher = {Acoustical Society of America (ASA)},
    url = {http://asa.scitation.org/doi/10.1121/1.3419926},
    doi = {10.1121/1.3419926},
    issn = {0001-4966},
    keywords = {Green's function methods, acoustic wave scattering, finite element analysis, sand, sediments, shapes (structures), structural acoustics, underwater sound, vibrations}
}

@incollection{ChapterTheory,
    title = {{Chapter 3. Basic Floquet Theory}}
}

@article{Ward2007Chapter3Theory,
    title = {{Chapter3 Notes on Floquet Theory}},
    year = {2007},
    author = {Ward, M J},
    pages = {49},
    volume = {1},
    url = {http://www.math.ubc.ca/~ward/teaching/m605/every2_floquet1.pdf}
}

@article{Stanton2018EchoMethods,
    title = {{Echo statistics associated with discrete scatterers: A tutorial on physics-based methods}},
    year = {2018},
    journal = {The Journal of the Acoustical Society of America},
    author = {Stanton, Timothy K. and Lee, Wu-Jung and Baik, Kyungmin},
    number = {6},
    month = {12},
    pages = {3124--3171},
    volume = {144},
    publisher = {Acoustical Society of America (ASA)},
    url = {http://asa.scitation.org/doi/10.1121/1.5052255},
    doi = {10.1121/1.5052255},
    issn = {0001-4966},
    pmid = {30599693},
    keywords = {acoustic field, acoustic signal processing, acoustic wave scattering, echo, matched filters, sonar signal processing, underwater sound}
}

@article{Lee2018EmpiricalFlows,
    title = {{Empirical Wall-Pressure Spectral Modeling for Zero and Adverse Pressure Gradient Flows}},
    year = {2018},
    journal = {AIAA Journal},
    author = {Lee, Seongkyu},
    number = {5},
    month = {5},
    pages = {1818--1829},
    volume = {56},
    publisher = {American Institute of Aeronautics and Astronautics Inc.},
    url = {https://arc.aiaa.org/doi/10.2514/1.J056528},
    doi = {10.2514/1.J056528},
    issn = {0001-1452}
}

@article{EO,
    title = {{{\^{E}}{\`{O}} {\ss}{\^{E}}  {\c{c}} {\^{i}} y ¾ {\~{a}} {\^{E}}{\^{E}} {\textperiodcentered}µ {\ss}µ}}
}

@article{Deng2017FloquetAttack,
    title = {{Floquet stability analysis in the wake of a NACA0015 airfoil at post-stall angles of attack}},
    year = {2017},
    journal = {Physics of Fluids},
    author = {Deng, Jian and Sun, Liping and Shao, Xueming},
    number = {9},
    month = {9},
    pages = {094104},
    volume = {29},
    publisher = {American Institute of Physics Inc.},
    url = {http://aip.scitation.org/doi/10.1063/1.5003578},
    doi = {10.1063/1.5003578},
    issn = {10897666},
    keywords = {aerodynamics, flow instability, flow simulation, laminar flow, pattern formation, vortices, wakes}
}

@article{Park2013Floquet,
    title = {{Floquet 이론과 섭동법에 의한 Mathieu Equation 의 안정성해석}},
    year = {2013},
    journal = {Transactions of the Korean Society for Noise and Vibration Engineering},
    author = {Park, Chan Il L},
    number = {8},
    month = {8},
    pages = {734--741},
    volume = {23},
    url = {http://koreascience.or.kr/journal/view.jsp?kj=SOJDCM&py=2013&vnc=v23n8&sp=734},
    doi = {10.5050/KSNVE.2013.23.8.734},
    issn = {1598-2785},
    keywords = {floquet theory, mathieu equation, perturbation method, stability, 마튜식, 섭, 안정성, 풀로케 이론}
}

@article{Park2013FloquetTheory,
    title = {{Floquet 이론과 섭동법에 의한 Mathieu Equation 의 안정성해석 Stability Analysis of Mathieu Equation by Floquet Theory}},
    year = {2013},
    author = {Park, Chan I L},
    number = {8},
    pages = {734--741},
    volume = {23},
    keywords = {floquet theory, mathieu equation, perturbation method, stability, 마튜식, 섭, 안정성, 풀로케 이론}
}

@article{Robinson2018GeometryEchos,
    title = {{Geometry and topology of the space of sonar target echos}},
    year = {2018},
    journal = {The Journal of the Acoustical Society of America},
    author = {Robinson, Michael and Fennell, Sean and DiZio, Brian and Dumiak, Jennifer},
    number = {3},
    month = {3},
    pages = {1630--1645},
    volume = {143},
    publisher = {Acoustical Society of America (ASA)},
    url = {http://asa.scitation.org/doi/10.1121/1.5027825},
    doi = {10.1121/1.5027825},
    issn = {0001-4966},
    pmid = {29604714},
    keywords = {echo, image classification, pattern clustering, sonar imaging, sonar target recognition, synthetic aperture sonar}
}

@article{Plotnick2015HighSurface,
    title = {{High frequency backscattering by a solid cylinder with axis tilted relative to a nearby horizontal surface}},
    year = {2015},
    journal = {The Journal of the Acoustical Society of America},
    author = {Plotnick, Daniel S. and Marston, Philip L. and Williams, Kevin L. and Espa{\~{n}}a, Aubrey L.},
    number = {1},
    month = {1},
    pages = {470--480},
    volume = {137},
    publisher = {Acoustical Society of America (ASA)},
    url = {http://asa.scitation.org/doi/10.1121/1.4904490},
    doi = {10.1121/1.4904490},
    issn = {0001-4966},
    keywords = {acoustic wave scattering, backscatter, geometrical acoustics, shapes (structures), underwater sound}
}

@article{Plotnick2016HighSurface,
    title = {{High frequency imaging and elastic effects for a solid cylinder with axis oblique relative to a nearby horizontal surface}},
    year = {2016},
    journal = {The Journal of the Acoustical Society of America},
    author = {Plotnick, Daniel S. and Marston, Philip L.},
    number = {3},
    month = {9},
    pages = {1525--1536},
    volume = {140},
    publisher = {Acoustical Society of America (ASA)},
    url = {http://asa.scitation.org/doi/10.1121/1.4961001},
    doi = {10.1121/1.4961001},
    issn = {0001-4966},
    keywords = {acoustic imaging, acoustic wave scattering, beams (structures), elastic waves, elasticity}
}

@article{LatticeCar,
    title = {{Lattice Boltzmann Methods for Fluid Dynamics Steven Orszag Transient flow around a car}},
    journal = {Shock}
}

@techreport{Ganander2005MethodCalculations,
    title = {{Method for stability analysis based on the Floquet theory and Vidyn calculations}},
    year = {2005},
    author = {{Ganander} and {Hans}}
}

@article{HansG2005MethodCalculations,
    title = {{Method for stability analysis based on the Floquet theory and Vidyn calculations}},
    year = {2005},
    author = {{Hans G}},
    pages = {1--39}
}

@article{HansG2005MethodCalculationsb,
    title = {{Method for stability analysis based on the Floquet theory and Vidyn calculations}},
    year = {2005},
    author = {{Hans G}},
    pages = {1--39}
}

@article{Bentvelsen2018ModalColumn,
    title = {{Modal and stability analysis of structures in periodic elastic states: application to the Ziegler column}},
    year = {2018},
    journal = {Nonlinear Dynamics},
    author = {Bentvelsen, Barend and Lazarus, Arnaud},
    number = {2},
    month = {1},
    pages = {1349--1370},
    volume = {91},
    publisher = {Springer Netherlands},
    url = {https://doi.org/10.1007/s11071-017-3949-4},
    doi = {10.1007/s11071-017-3949-4},
    issn = {1573269X},
    keywords = {Bifurcation analysis, Floquet theory, Modal analysis, Stability analysis, Structural mechanics}
}

@article{Kassiotis2011NonlinearExamples,
    title = {{Nonlinear fluid-structure interaction problem. Part I: Implicit partitioned algorithm, nonlinear stability proof and validation examples}},
    year = {2011},
    journal = {Computational Mechanics},
    author = {Kassiotis, Christophe and Ibrahimbegovic, Adnan and Niekamp, Rainer and Matthies, Hermann G.},
    number = {3},
    pages = {305--323},
    volume = {47},
    doi = {10.1007/s00466-010-0545-6},
    issn = {01787675},
    keywords = {Fluid-structure interaction, Nonlinear stability proof, Partitioned iterations}
}

@article{Sun2018NumericalSystem,
    title = {{Numerical prediction analysis of the fluctuating pressure and rudder force of full-scale hull-propeller-rudder system}},
    year = {2018},
    journal = {Ocean Engineering},
    author = {Sun, Cong and Wang, Chao and Sun, Sheng xia and Chang, Xin and Zhang, Liang},
    month = {1},
    pages = {580--590},
    volume = {147},
    publisher = {Elsevier Ltd},
    doi = {10.1016/j.oceaneng.2017.11.006},
    issn = {00298018},
    keywords = {Fluctuating pressure, Free surface, Full-scale, Propeller, Rudder force, Scale effect}
}

@misc{OptimizationOnePetro,
    title = {{Optimization Design and Analysis of Marine Ducted Propellers by RANS/Potential Flow Coupling Method - OnePetro}},
    url = {https://onepetro.org/conference-paper/ISOPE-I-19-099}
}

@article{Luongo2016ParadoxesBehaviors,
    title = {{Paradoxes in dynamic stability of mechanical systems: investigating the causes and detecting the nonlinear behaviors}},
    year = {2016},
    journal = {SpringerPlus},
    author = {Luongo, Angelo and Ferretti, Manuel and D’Annibale, Francesco},
    number = {1},
    pages = {1--22},
    volume = {5},
    publisher = {Springer International Publishing},
    doi = {10.1186/s40064-016-1684-9},
    issn = {21931801},
    keywords = {Defective eigenvalues, Eigenvalue sensitivity, Hopf bifurcation, Nicolai paradox, Piezoelectric control, Post-critical behavior, Semi-simple eigenvalues, Ziegler paradox}
}

@book{Bittanti2009PeriodicControl,
    title = {{Periodic systems: Filtering and control}},
    year = {2009},
    booktitle = {Communications and Control Engineering},
    author = {Bittanti, Sergio and Colaneri, Patrizio},
    number = {9781848009103},
    pages = {1--419},
    isbn = {9781848009103},
    issn = {21977119}
}

@article{Baynes2018ScatteringCylinders,
    title = {{Scattering of low frequency sound by fluid and solid cylinders}},
    year = {2018},
    journal = {Journal of Sound and Vibration},
    author = {Baynes, Alexander B. and Godin, Oleg A.},
    month = {11},
    pages = {336--357},
    volume = {434},
    publisher = {Academic Press},
    doi = {10.1016/j.jsv.2018.07.004},
    issn = {10958568},
    keywords = {Asymptotic theories, Diffraction, Image source solutions, Rayleigh scattering}
}

@article{Liu2017SixtyPerformance,
    title = {{Sixty years of research on ship rudders: effects of design choices on rudder performance}},
    year = {2017},
    journal = {Ships and Offshore Structures},
    author = {Liu, Jialun and Hekkenberg, Robert},
    number = {4},
    month = {5},
    pages = {495--512},
    volume = {12},
    publisher = {Taylor and Francis Ltd.},
    url = {https://www.tandfonline.com/doi/full/10.1080/17445302.2016.1178205},
    doi = {10.1080/17445302.2016.1178205},
    issn = {1744-5302},
    keywords = {Rudder profiles, hull–propeller–rudder interactions, rudder performance, rudder properties, rudder types, ship manoeuvrability}
}

@article{Park2013StabilityMethod,
    title = {{Stability Analysis of Mathieu Equation by Floquet Theory and Perturbation Method}},
    year = {2013},
    journal = {Transactions of the Korean Society for Noise and Vibration Engineering},
    author = {Park, Chan Il},
    number = {8},
    month = {8},
    pages = {734--741},
    volume = {23},
    url = {http://koreascience.or.kr/journal/view.jsp?kj=SOJDCM&py=2013&vnc=v23n8&sp=734},
    doi = {10.5050/KSNVE.2013.23.8.734},
    issn = {1598-2785}
}

@article{Panardo2015StabilityTheory,
    title = {{Stability of periodic systems and Floquet Theory}},
    year = {2015},
    journal = {Universit`a degli Studi di Padova},
    author = {Panardo, Ilaria},
    pages = {1--89}
}

@article{Harwood2019TheHydroelasticity,
    title = {{The hydroelastic response of a surface-piercing hydrofoil in multi-phase flows. Part 1. Passive hydroelasticity}},
    year = {2019},
    journal = {Journal of Fluid Mechanics},
    author = {Harwood, Casey M. and Felli, Mario and Falchi, Massimo and Ceccio, Steven L. and Young, Yin L.},
    month = {12},
    pages = {313--364},
    volume = {881},
    publisher = {Cambridge University Press},
    url = {https://doi.org/10.1017/jfm.2019.691},
    doi = {10.1017/jfm.2019.691},
    issn = {14697645},
    keywords = {cavitation, flow-structure interactions, multiphase flow}
}

@article{2021TimeModels,
    title = {{Time domain broadband noise predictions for non-cavitating marine propellers with wall pressure spectrum models}},
    year = {2021},
    journal = {International Journal of Naval Architecture and Ocean Engineering},
    month = {11},
    pages = {75--85},
    volume = {13},
    publisher = {Elsevier},
    doi = {10.1016/J.IJNAOE.2021.01.004},
    issn = {2092-6782}
}

@article{Choi2021TimeModels,
    title = {{Time domain broadband noise predictions for non-cavitating marine propellers with wall pressure spectrum models}},
    year = {2021},
    journal = {International Journal of Naval Architecture and Ocean Engineering},
    author = {Choi, W.-S. and Hong, S.-Y. and Song, J.-H. and Kwon, H.-W. and Park, I.-R. and Seol, H.-S. and Kim, M.-J.},
    number = {},
    volume = {13},
    doi = {10.1016/j.ijnaoe.2021.01.004},
    issn = {20926790},
    keywords = {Flow noise, Marine propeller, Non-cavitation noise, Submarine, Wall pressure spectrum}
}

@inproceedings{Bingham2019TowardGazebo,
    title = {{Toward maritime robotic simulation in gazebo}},
    year = {2019},
    booktitle = {OCEANS 2019 MTS/IEEE Seattle, OCEANS 2019},
    author = {Bingham, Brian and Aguero, Carlos and McCarrin, Michael and Klamo, Joseph and Malia, Joshua and Allen, Kevin and Lum, Tyler and Rawson, Marshall and Waqar, Rumman},
    month = {10},
    publisher = {Institute of Electrical and Electronics Engineers Inc.},
    isbn = {9780578576183},
    doi = {10.23919/OCEANS40490.2019.8962724}
}

@techreport{UnderwaterSimulation,
    title = {{Underwater Acoustic Modeling and Simulation}}
}

@article{Rozenberg2012Wall-pressureEffects,
    title = {{Wall-pressure spectral model including the adverse pressure gradient effects}},
    year = {2012},
    journal = {AIAA Journal},
    author = {Rozenberg, Yannick and Robert, Gilles and Moreau, Stéphane},
    number = {10},
    month = {10},
    pages = {2168--2179},
    volume = {50},
    url = {http://arc.aiaa.org},
    doi = {10.2514/1.J051500},
    issn = {00011452}
}

@article{2005,
    title = {{축 방향 가속을 받는 보 구조물의 동적 안정성 해석}},
    year = {2005},
    journal = {한국소음진동공학회논문집},
    author = {{은성진} and {유홍희}},
    number = {9},
    pages = {1053--1059},
    volume = {15},
    url = {https://www.dbpia.co.kr/Journal/articleDetail?nodeId=NODE02403736},
    issn = {1598-2785},
    keywords = {Beam Structure, Dynamic Stability, Floquet 이론, Floquet's Theory, Parametric Excitation, Transition Curve, Transition Matrix, 동적 안정성, 매개변수 가진, 보 구조물, 전이 곡선, 전이 행렬}
}

@article{2020,
    title = {{축 방향 가속을 받는 보 구조물의 동적 안정성 해석}},
    year = {2020},
    journal = {한국소음진동공학회논문집},
    author = {{은성진} and {유홍희}},
    number = {9},
    pages = {1053--1059},
    volume = {15},
    url = {https://www.dbpia.co.kr/Journal/articleDetail?nodeId=NODE02403736},
    issn = {1598-2785},
    keywords = {Beam Structure, Dynamic Stability, Floquet 이론, Floquet's Theory, Parametric Excitation, Transition Curve, Transition Matrix, 동적 안정성, 매개변수 가진, 보 구조물, 전이 곡선, 전이 행렬}
}

@article{Analysis2020,
    title = {{축 방향 가속을 받는 보 구조물의 동적 안정성 해석}},
    year = {2020},
    author = {Analysis, Dynamic Stability}
}